1878 3092
1590 141 1653 188 21

236 279 347 326 chori
385 278 632 332 simplicitati
666 277 866 318 studuerit
901 278 942 317 et
977 277 1018 317 in
1056 276 1310 317 vestimentis
1350 277 1579 330 satyrorum
1616 276 1659 317 id

237 342 412 393 secutus
431 352 495 401 sit,
538 352 584 391 ut
612 363 702 390 cum
731 351 892 403 propria
925 351 1153 404 satyrorum
1188 350 1323 390 indole
1359 362 1405 389 ac
1438 352 1583 391 natura
1612 362 1661 391 ea.

236 409 472 468 viderentur
507 435 729 477 congruere
767 423 832 473 (cf.
860 422 993 464 Diosc.
1024 421 1070 463 A.
1103 422 1146 462 P.
1178 421 1275 464 VII.
1308 425 1359 463 37
1397 424 1439 464 et
1472 435 1521 464 ea
1554 436 1658 477 quae

234 499 313 552 ipsi
341 512 378 552 p.
402 500 453 539 15
484 511 543 550 sq.
573 497 893 550 disputavimus).

177 573 180 576 “
349 569 541 623 Sequitur
569 572 614 610 ut
634 570 684 610 de
704 569 868 620 Aristia,
898 569 1085 609 Pratinae
1114 568 1209 620 filio,
1241 569 1496 623 disceptetur.
1541 569 1658 611 Prius

234 647 369 685 autem
403 644 608 695 tangenda
645 646 708 683 est
741 656 807 682 res
838 644 1049 695 quaedam,
1095 656 1216 695 quam
1247 644 1458 696 hucusque
1486 657 1659 684 comme—

233 729 391 758 morare
419 713 639 766 omisimus,
683 717 781 768 quot
809 715 1119 768 tragoediarum,
1164 716 1223 756 tot
1252 715 1481 756 fabularum
1511 716 1657 770 satyri-

233 802 372 829 carum
391 792 576 829 auctores
598 789 794 837 extitisse,
813 787 999 837 (casaub.
1023 801 1062 840 p.
1083 790 1174 837 149,
1192 788 1355 829 Welck.
1372 789 1474 841 App.
1492 802 1529 841 p.
1549 789 1656 835 284).

233 862 379 915 Itaque
407 861 449 902 in
480 862 549 911 eis,
580 873 685 913 quae
714 862 916 910 secuntur,
952 873 1031 901 non
1062 873 1200 901 omnes
1231 873 1334 913 quae
1363 873 1387 900 a
1415 859 1546 913 poetis
1575 859 1657 901 illis

233 935 481 987 conscriptae
513 935 608 972 sunt
637 922 815 986 fabulas,
851 933 923 972 sed
953 933 1150 986 satyricas
1181 934 1456 973 tantummodo
1486 945 1657 972 comme-

231 1007 404 1047 morabo.
432 1017 437 1021 ·
474 1005 531 1047 Ut
569 1013 703 1046 autem
743 1007 794 1046 ad
827 1006 1019 1046 Aristiam
1059 1006 1283 1056 redeamuS‚
1329 1019 1380 1046 ne
1418 1006 1453 1046 is
1493 1006 1656 1059 quidem

232 1080 391 1132 quando
421 1081 541 1119 natus
577 1080 629 1119 sit
667 1081 737 1118 aut
765 1081 959 1129 mortuus,
1004 1080 1172 1128 constat,
1216 1092 1348 1130 neque
1385 1079 1655 1118 coniecturam

231 1154 364 1192 facere
393 1152 498 1206 licet,
542 1165 632 1191 cum
662 1165 712 1191 ne
743 1152 793 1191 de
822 1151 1010 1191 Pratinae
1039 1151 1203 1203 quidem
1233 1153 1366 1191 aetate
1395 1152 1526 1191 edocti
1555 1151 1655 1191 satis

231 1224 369 1264 simus.
428 1217 549 1263 Hunc
579 1237 739 1276 quoque
766 1223 985 1263 Pausanias
1016 1223 1405 1275 praestantissimum
1434 1224 1476 1263 in
1505 1224 1654 1264 fabulis

230 1296 415 1349 satyricis
446 1296 637 1335 faciendis
667 1296 793 1334 fuisse
822 1296 918 1334 dicit
937 1296 961 1334 1.
983 1296 1007 1333 l.
1030 1295 1088 1333 ΙΙ.
1111 1299 1175 1344 13,
1201 1298 1237 1335 5.
1289 1294 1475 1335 Comicus
1505 1309 1529 1335 a
1555 1309 1652 1336 non-

229 1368 351 1408 nullis
382 1368 477 1407 olim
507 1368 608 1407 falso
639 1367 873 1407 habebatur.
932 1367 1198 1407 Menedemus
1232 1367 1340 1420 apud
1369 1367 1486 1419 Diog.
1517 1366 1562 1406 L.
1593 1366 1651 1408 Π.

231 1443 309 1482 133
340 1439 574 1495 δευτερεῖον
605 1441 640 1480 ei
671 1441 820 1480 tribuit.
871 1439 984 1480 Sitne
1014 1441 1064 1479 ab
1087 1439 1403 1480 Atheniensibus
1434 1440 1651 1479 honoribus

229 1514 404 1563 ornatus,
435 1525 516 1552 non
545 1514 721 1560 constat;
767 1512 809 1552 id
838 1513 995 1552 constat
1024 1524 1048 1552 a
1078 1511 1265 1552 Phliasiis
1298 1513 1432 1552 statua
1462 1524 1551 1552 esse
1582 1512 1651 1552 ho-

227 1588 411 1625 noratum
440 1585 626 1634 (Pausan.
643 1586 667 1625 l.
685 1587 710 1624 l.
729 1586 786 1627 II.
806 1589 870 1636 13,
895 1587 956 1633 5):
995 1581 1223 1625 Ἐνταῦθά
1246 1588 1335 1626 ἐστι
1355 1585 1426 1625 καὶ
1441 1583 1651 1640 Αριστίου

224 1657 378 1711 μνῆμα
407 1658 484 1699 τοῦ
512 1658 751 1714 Πρατίνου.
809 1657 1059 1698 Adferuntur
1089 1658 1315 1710 complures
1352 1658 1438 1698 eius
1475 1657 1649 1708 fabulae,

225 1730 298 1769 sed
327 1731 527 1783 satyricae
557 1740 763 1783 nunquam
792 1733 999 1779 vocantur,
1029 1730 1107 1769 nisi
1136 1731 1242 1782 quod
1276 1729 1552 1783 „Cyclopem“
1587 1744 1648 1771 sa-

224 1801 396 1854 tyricam
437 1802 564 1842 fuisse
602 1802 781 1843 fabulam
820 1802 914 1842 inde
949 1804 1126 1855 apparet,
1171 1802 1278 1854 quod
1316 1802 1384 1854 qui
1420 1814 1564 1841 versus
1599 1803 1649 1842 ab

224 1873 405 1926 Apostol.
437 1875 510 1914 IV.
544 1879 567 1915 7
597 1876 941 1924 commemoratur,
972 1875 1008 1914 ei
1038 1875 1241 1914 adduntur
1270 1875 1416 1914 verba:
1457 1872 1512 1922 ὥς
1541 1888 1649 1932 φησι

223 1945 484 2001 Χαμαιλέων
507 1949 553 1989 ἐν
572 1947 634 2001 τῷ
661 1947 757 2004 περὶ
787 1942 994 2001 σατύρων.
1042 1947 1213 1986 Videtur
1234 1948 1369 1987 autem
1388 1946 1489 1987 haec
1510 1947 1650 1988 fabula

223 2021 437 2077 obversata
457 2034 547 2060 esse
569 2020 762 2073 Euripidi.
807 2020 1023 2060 Praeterea
1042 2021 1270 2060 Meinckius
1301 2023 1511 2062 comment.
1535 2022 1645 2063 misc.

223 2092 257 2134 I.
287 2105 326 2147 p.
347 2095 399 2134 23
431 2106 489 2146 sq.
521 2093 694 2134 colorem
733 2093 955 2147 satyricum
994 2104 1213 2145 agnoscere
1247 2093 1323 2132 sibi
1358 2093 1470 2133 visus
1506 2097 1567 2134 est
1602 2095 1644 2135 in

223 2164 389 2221 Κηρσὶν
409 2169 449 2205 et
465 2164 619 2222 Ὀρφεῖ.
668 2166 804 2218 Atque
823 2164 974 2221 Κῆρας
993 2166 1106 2205 nulla
1126 2169 1189 2205 est
1208 2178 1329 2205 causa
1348 2179 1418 2205 cur
1442 2170 1644 2207 mutemus

220 2239 521 2291 scribamusque
541 2237 732 2295 Κρῆτας,
763 2239 870 2292 quod
889 2238 985 2278 fecit
1005 2237 1182 2293 Toupius
1212 2239 1406 2292 probante
1428 2238 1642 2280 Meinckio.

220 2310 447 2365 Satyricam
476 2312 601 2350 fuisse
631 2311 811 2351 fabulam
841 2326 895 2350 ex
924 2312 1140 2363 fragmenti
1170 2314 1313 2350 natura
1342 2314 1520 2364 apparet.
1580 2313 1642 2351 De

219 2383 379 2438 Orpheo
413 2383 671 2435 WelckeruS,
715 2387 928 2437 postquam
962 2385 1003 2425 in
1034 2384 1136 2437 App.
1172 2398 1210 2438 p.
1232 2387 1313 2426 285
1344 2388 1386 2425 et
1415 2387 1494 2426 308
1531 2387 1641 2438 saty-

217 2458 339 2497 ricam
378 2457 503 2498 fuisse
542 2457 720 2497 fabulam
760 2457 875 2508 dixit,
921 2458 962 2497 in
1001 2458 1103 2498 libro
1144 2458 1194 2497 de
1231 2457 1351 2510 Frag.
1382 2456 1452 2499 Gr.
1488 2471 1526 2510 p.
1558 2460 1638 2500 966

216 2542 355 2570 rursus
376 2530 560 2570 dubitare
590 2543 634 2569 se
664 2529 780 2569 dixit.
828 2530 964 2569 Potuit
994 2543 1091 2570 sane
1112 2529 1300 2582 Orpheus
1331 2531 1465 2582 aliquo
1494 2531 1639 2570 saltem

217 2603 334 2643 modo
362 2604 404 2643 in
433 2603 611 2644 fabulam
640 2602 856 2656 satyricam
885 2603 942 2643 ita
969 2603 1179 2654 introduci,
1224 2606 1269 2643 ut
1298 2617 1321 2644 a
1351 2603 1536 2643 Thressis
1567 2617 1638 2644 ex-

215 2676 390 2729 agitatus
426 2677 749 2728 dilaceratusque
783 2678 947 2729 propter
985 2689 1162 2716 amorem
1202 2677 1413 2729 paedicum
1457 2676 1636 2726 (Welck.
