1878 3092
1547 168 1606 214 13

142 316 145 320 ⁴
182 299 350 354 plicavit
379 296 597 350 Wieseler,
641 309 746 339 unus
791 311 844 339 ex
881 299 1036 355 ‚satyris
1080 300 1202 351 chori,
1245 300 1314 352 qui
1357 301 1608 355 subligaculo

185 384 374 426 expanno
404 372 509 412 facto
545 374 709 412 ornatus
740 377 813 424 est,
858 373 1027 413 amiculo
1057 369 1230 426 quodam
1266 376 1329 412 est
1357 375 1523 427 insuper
1549 376 1609 414 in-

182 446 317 485 dutus.
381 444 499 485 Hanc
538 448 672 485 autem
711 449 869 485 vestem
909 446 1038 498 satyri
1074 446 1134 485 illi
1173 447 1341 498 putandi
1381 451 1475 487 sunt
1513 450 1607 488 ante

182 518 438 557 saltationem
467 518 643 566 exuisse,
688 520 734 556 ut
761 518 803 555 in
839 518 985 569 (trago)
1023 519 1229 557 comoedia
1258 532 1418 570 quoque
1455 520 1606 560 factum

181 593 245 631 est
272 589 459 642 (Wiesel.
489 603 527 643 p.
550 591 657 637 742).
707 588 789 629 Sed
810 603 950 630 omnes
980 591 1119 644 satyri,
1151 591 1220 643 qui
1249 591 1300 630 ad
1320 591 1487 632 chorum
1516 606 1605 646 per-

180 663 362 703 tinebant
389 675 440 702 an
470 664 651 703 nonnulli
681 665 836 703 tantum
868 664 1001 702 tunica
1029 677 1189 715 quoque
1219 664 1409 718 (χιτῶνι),
1441 667 1605 718 qualem

115 791 118 794 ‚
179 736 221 776 in
252 749 328 776 uno
359 737 497 791 satyro
526 736 762 789 reperimUS,
802 736 932 776 induti
960 737 999 776 in
1032 736 1215 777 saltando
1245 737 1407 788 fuerint,
1439 751 1604 791 prorsus

179 810 230 849 ad
260 809 459 862 liquidum
487 809 652 862 perduci
682 822 762 848 non
790 812 936 861 potest.
996 809 1106 848 Illud
1135 822 1215 848 non
1246 810 1410 849 videtur
1438 811 1604 851 dubium

179 895 281 932 esse,
313 883 410 934 quin
439 883 601 935 praeter
633 882 928 933 subligaculum
958 882 1225 934 tunicamque,
1257 883 1291 921 si
1322 883 1437 922 modo
1468 896 1516 923 ea
1544 884 1603 923 in-

178 954 265 994 duti
303 957 430 1004 erant,
475 967 693 1006 numquam
737 967 901 1006 prorsus
941 954 1037 992 nudi
1076 955 1116 992 in
1156 967 1343 993 scaenam
1387 956 1604 995 introducti

178 1028 259 1067 sint
277 1026 463 1078 (Wiesel.
484 1041 520 1080 p.
539 1030 636 1075 7443
668 1027 823 1079 primus
836 1025 886 1066 Gr.
903 1025 1161 1066 Hermannus
1179 1029 1318 1067 contra
1334 1026 1602 1068 Welckerum

177 1100 331 1139 monuit
366 1100 413 1139 cf.
447 1099 515 1140 W.
538 1098 640 1152 App.
676 1112 715 1151 p.
744 1101 795 1139 57
832 1101 917 1151 sq.).
977 1098 1083 1138 Nam
1121 1100 1201 1139 iam
1242 1112 1313 1152 per
1352 1113 1396 1140 se
1437 1101 1601 1141 minime

176 1172 338 1211 videtur
355 1173 574 1224 probabile,
596 1172 796 1223 quandam
813 1172 986 1223 corporis
1007 1175 1164 1223 partem
1180 1173 1328 1211 nudam
1351 1174 1599 1226 apparuisse.

176 1244 323 1296 Itaque
340 1244 510 1285 Wiesel.
540 1244 780 1284 sententiam
802 1256 921 1296 quam
950 1244 984 1283 is
1014 1244 1166 1296 profert
1196 1257 1231 1296 p.
1256 1247 1335 1285 744
1357 1258 1429 1297 sq„
1461 1259 1498 1299 p.
1518 1248 1596 1287 751

176 1328 339 1369 prorsus
368 1318 505 1370 probo,
536 1318 605 1369 qui
625 1317 721 1355 dicit
743 1321 784 1356 et
803 1317 928 1368 pedes
951 1319 991 1354 et
1014 1317 1210 1367 reliquam
1232 1318 1406 1369 corporis
1427 1320 1597 1370 partem,

176 1402 298 1440 quam
319 1389 495 1429 caruisse
516 1389 757 1429 vestimento
779 1388 912 1428 voluit·
936 1388 1170 1438 (Wieseler)
1193 1388 1402 1439 Welcker,
1433 1386 1595 1441 ἀναξυ-

175 1462 288 1518 ρίσιν
317 1463 464 1501 tectam
493 1462 619 1500 fuisse
652 1461 757 1499 unde
777 1473 873 1499 mox
903 1463 997 1499 nata
1027 1461 1107 1499 suit
1129 1462 1370 1500 vestimenta
1399 1462 1598 1513 quaedam

173 1537 290 1575 texta
332 1536 508 1587 corporis
551 1535 643 1574 illas
688 1536 825 1586 partes
866 1538 952 1573 arte
993 1533 1206 1586 cingentia.
1266 1534 1422 1575 Horum
1463 1537 1598 1575 autem

173 1608 261 1647 loco
290 1599 461 1647 veteres*
485 1607 687 1646 interdum
724 1607 923 1645 coloribus
954 1619 1047 1644 usos
1084 1619 1186 1654 esse,
1234 1612 1342 1645 certe
1380 1613 1597 1660 antequam

173 1681 253 1720 suit
281 1681 353 1720 illa
382 1682 558 1729 inventa,
604 1680 676 1718 sed
706 1683 846 1731 postea
875 1692 1038 1730 quoque⁴
1065 1680 1224 1719 videtur
1253 1680 1484 1719 verisimile.
1544 1681 1596 1719 In

172 1753 352 1807 Cyclope
381 1753 601 1805 Euripidea
644 1755 696 1801 (v.
733 1753 800 1799 80)
845 1757 1178 1791 commemoratur
1217 1754 1446 1804 satyrorum
1485 1752 1596 1792 chori

169 1828 455 1867 vestimentum
483 1821 643 1881 τράγου
653 1825 828 1880 χλαῖνα.
879 1823 970 1864 Non
991 1827 1125 1863 autem
1151 1837 1269 1877 posse
1290 1825 1402 1864 illam
1424 1828 1593 1876 vestem,

169 1911 272 1952 quae
302 1899 460 1938 tunicae
491 1899 724 1951 superindui
754 1898 922 1947 solebat,
969 1898 1042 1935 hoc
1072 1898 1157 1936 loco
1187 1898 1382 1949 intellegi,
1426 1911 1516 1937 cum
1547 1911 1595 1938 ea

167 1984 373 2025 nunquam
411 1972 452 2011 in
488 1971 672 2011 saltando
708 1971 772 2010 usi
809 1971 889 2009 sint
919 1975 1079 2009 veteres
1113 1970 1156 2009 in
1190 1970 1320 2010 choris
1350 1970 1593 2020 fabularum,

167 2046 416 2084 demonstrat
446 2044 615 2084 Wiesel.
656 2057 692 2096 p.
726 2047 817 2083 723.
878 2044 1024 2094 ltaque
1064 2043 1284 2082 verisimile
1328 2045 1391 2083 est
1433 2043 1593 2082 intelle-

166 2117 344 2168 gendum
378 2129 468 2155 esse
503 2116 613 2156 chori
642 2118 870 2169 satyrorum
899 2115 1125 2171 περίζωμα.
1196 2150 1201 2156 ο

280 2189 576 2229 Vestimentum
607 2191 741 2227 autem
773 2190 1000 2240 satyrorum
1031 2188 1140 2227 chori
1169 2200 1249 2227 non
1273 2188 1400 2226 fuisse
1431 2200 1593 2240 semper

163 2263 271 2302 idem
316 2262 538 2314 eodemque
583 2262 699 2301 modo
744 2261 906 2310 factum,
950 2261 1201 2313 intellegitur
1244 2274 1298 2300 ex
1345 2259 1590 2300 Dioscoridis

163 2336 288 2389 epigr.
309 2335 358 2373 A.
382 2333 423 2373 P.
449 2334 570 2374 VIII.
593 2337 658 2375 37.
711 2330 889 2388 Τύμβος
908 2330 969 2375 ὅδ’
996 2330 1074 2375 ἔστ’
1102 2329 1315 2390 ὤνθρωπε
1336 2332 1591 2390 Σοφοκλέος

161 2403 214 2449 ὃν
242 2402 361 2462 παρὰ
388 2406 579 2447 Μουσῶν
609 2401 706 2461 ἱρὴν
734 2407 986 2461 παρθεσίην
1017 2401 1125 2463 ἱερὸς
1154 2400 1213 2448 ὢν
1242 2406 1404 2460 ἔλαχον.

357 2472 427 2526 Ὅς
465 2477 518 2532 μὲ
555 2473 632 2519 τὸν
670 2481 715 2518 ἐκ
747 2477 985 2526 Φλιοῦντος
1024 2479 1093 2519 ἔπι
1130 2479 1332 2537 τρίβολον
1370 2480 1588 2519 narseum

365 2550 580 2603 Πρίνινον
610 2553 651 2598 ἐς
679 2547 852 2606 χρύσεον
881 2552 1004 2604 χῆμα
1033 2549 1353 2608 μεθηρμόσατο

307 2667 313 2673 ,
362 2621 451 2665 Καὶ
479 2618 640 2676 λεπτὴν
677 2621 868 2665 ἐνέδυσεν
905 2620 1138 2681 ἁλουργίδα
1173 2625 1261 2666 ’τοῦ
1289 2623 1333 2665 δὲ
1362 2620 1587 2674 θάνοντος

360 2693 566 2738 Εὕθετυν
594 2692 810 2754 ὀρχηστὴν
839 2695 925 2755 τῇδ
960 2695 1182 2739 ἀνέπαυσα
1211 2694 1335 2738 πόδα.
