1878 3092
1575 132 1607 178 5

182 271 318 310 tamen
345 269 452 320 inde,
496 269 603 323 quod
635 267 907 310 Chamaeleon
936 268 977 308 in
1008 268 1110 308 libro
1140 267 1192 308 de
1223 265 1427 320 Thespide
1457 265 1605 319 scripto

182 353 207 381 a
235 341 361 381 Suida
390 343 534 382 dicitur
563 355 908 390 commemorasse,
954 342 1168 381 clamatum
1204 341 1262 379 ita
1296 353 1398 388 esse,
1443 352 1534 379 cum
1563 340 1605 380 in

180 424 287 454 nova
314 414 523 466 tragoedia
551 414 752 454 festivitas
774 414 1060 467 Dionysiorum
1089 414 1401 466 satyrorumque
1422 412 1604 451 hilaritas

182 489 324 538 coepta
353 488 462 525 esset
492 487 724 535 desiderari,
754 487 853 525 haec
881 486 1086 538 proverbii
1114 485 1388 537 interpretatis
1414 496 1603 535 magnam

179 557 422 614 nanciscitur
463 557 799 610 probabilitatem.
873 558 1001 597 Recte
1046 570 1142 596 vero
1182 556 1355 597 Friebel.
1401 558 1601 610 satyrogr.

179 629 227 668 fr.
266 642 311 681 p..
336 632 360 669 9
405 630 501 669 dicit
543 642 623 668 non
667 643 767 681 opus
814 643 904 669 esse
948 641 1191 681 quemquam
1235 630 1479 678 existimare,
1525 630 1603 681 ipsi

180 700 372 753 Thespidi
416 702 527 741 illam
571 713 713 740 vocem
762 702 959 741 obiectam
1009 713 1111 741 esse.
1189 701 1286 753 Ipse
1330 701 1453 752 igitur
1499 701 1602 741 illud

122 776 124 779 ’
177 770 300 814 οὐδὲν
337 768 444 829 πρὸς
482 768 559 814 τὸν
587 770 796 815 Διόνυσον
824 773 1010 825 Aragieis
1048 774 1336 825 antiquissimis
1373 786 1494 826 saepe
1533 775 1601 813 ob-

177 846 397 898 strepuisse
412 848 539 898 putat,
559 847 616 886 ita
631 847 804 899 quidem,
826 847 896 896 „ut
913 858 1003 885 cum
1020 845 1236 898 Thespidis
1257 848 1388 885 aetate
1409 846 1601 897 glisceret

176 918 314 971 populi
346 918 578 971 indignatio,
626 931 673 959 ea
702 919 901 967 Matinae,
940 916 1129 968 Choerili,
1170 917 1391 971 Phrynichi
1421 920 1601 971 tempore

175 992 216 1030 in
247 995 429 1043 apertum
450 1005 629 1031 murmur
649 992 916 1044 erumperet.“
966 990 1074 1030 Sane
1104 990 1256 1043 aliquid
1277 996 1385 1030 certe
1406 992 1599 1044 temporis

155 1052 282 1103 ¹inter
312 1064 559 1116 tragoediam
580 1065 840 1116 fabulamque
870 1064 1087 1117 satyricam
1116 1064 1323 1104 inventam
1344 1064 1470 1103 fuisse
1495 1064 1599 1104 veri-

177 1136 308 1175 simile
339 1138 401 1176 est
431 1150 563 1189 neque
590 1150 684 1176 vero
715 1137 899 1186 multum,
931 1136 1024 1188 quia
1052 1137 1138 1175 fere
1167 1137 1347 1188 aequalis
1377 1136 1453 1176 fuit
1473 1136 1598 1176 Thes-

175 1208 258 1261 pidi
287 1207 483 1249 Pratinas.
546 1208 666 1248 Hunc
697 1209 803 1248 enim
834 1221 938 1248 nunc
968 1220 1107 1248 omnes
1146 1211 1289 1261 putant
1318 1221 1408 1248 esse
1438 1209 1599 1249 fabulae

175 1270 375 1334 satyricae
420 1285 624 1321 auctorem
672 1282 885 1331 (Welcker
926 1295 965 1334 p.
1006 1284 1100 1331 276,
1151 1282 1311 1336 Friebel
1360 1295 1397 1333 p.
1434 1285 1457 1322 9
1508 1283 1596 1334 sq.).

174 1352 319 1405 Neque
340 1354 445 1393 enim
475 1355 561 1394 ulla
581 1367 723 1394 caussa
753 1356 826 1405 est,
857 1366 927 1393 cur
947 1366 1050 1406 quae
1072 1353 1218 1394 Suidas
1239 1358 1377 1406 aperte
1407 1358 1594 1405 testatur,

172 1426 275 1465 falsa
319 1439 409 1466 esse
454 1427 743 1467 existimemus.
810 1427 892 1467 Sed
936 1428 1040 1466 hanc
1082 1440 1180 1476 rem,
1225 1439 1317 1466 cum
1361 1430 1502 1479 postea
1547 1441 1596 1468 ea

171 1498 286 1538 nobis
315 1499 445 1538 fusius
476 1499 718 1550 explicanda
748 1500 801 1539 sit
829 1500 870 1539 in
901 1499 1068 1539 historia
1095 1499 1229 1550 poesis
1260 1500 1459 1552 satyricae
1480 1512 1593 1540 enar·

171 1571 308 1620 randa,
352 1582 459 1610 nunc
487 1571 705 1612 mittamus.
763 1571 995 1612 Verisimile
1033 1571 1156 1624 igitur
1186 1572 1346 1611 videtur
1383 1573 1477 1624 post
1515 1575 1593 1611 tra-

170 1643 356 1694 goediam
386 1643 593 1682 inventam
615 1657 704 1684 esse
734 1644 910 1684 fabulam
932 1644 1149 1696 satyricam
1170 1656 1339 1696 eamque
1364 1644 1592 1696 opinionem

170 1714 331 1755 firmare
360 1715 522 1755 videtur
551 1715 744 1757 Horatius
775 1717 822 1756 A.
844 1716 886 1756 P.
908 1729 945 1756 v.
969 1718 1051 1757 220
1080 1729 1139 1768 sq.

307 1787 521 1836 „Carmine
552 1790 621 1841 qui
651 1790 803 1841 tragico
834 1790 959 1829 vilem
990 1790 1160 1829 certavit
1181 1790 1239 1829 ‘ob
1269 1790 1422 1829 hircum

306 1859 439 1901 Etiam
470 1864 652 1914 agrestes
682 1864 842 1917 satyros
872 1861 1088 1910 nudavit“;

170 1946 249 1985 quo
280 1946 333 1972 ex
363 1934 449 1973 loco
479 1935 520 1973 ni
549 1935 669 1974 fallor
697 1936 735 1974 id
767 1935 916 1986 conligi
945 1937 1092 1987 potest,
1133 1935 1380 1986 tragoediam
1417 1935 1592 1986 priorem

169 2006 293 2046 fuisse
322 2006 445 2045 initiis
476 2006 637 2046 fabulae
667 2007 876 2061 satyricae.
936 2007 1082 2059 Itaque
1115 2019 1204 2046 cum
1236 2006 1404 2059 obsequi
1435 2002 1594 2046 vellent

169 2081 312 2131 poetae
347 2079 485 2131 populi
524 2080 734 2129 voluntati,
780 2093 928 2120 novum
964 2081 1235 2119 invenuerunt
1277 2081 1410 2132 poesis
1447 2093 1590 2131 genus,

169 2153 310 2203 tragici
353 2152 579 2203 argumenti
625 2153 852 2193 tractationi
902 2153 1066 2193 chorum
1117 2156 1343 2205 satyrorum
1393 2152 1589 2193 addentes

169 2224 356 2277 (Pinzger
413 2238 449 2277 p.
495 2226 576 2275 22).
663 2225 807 2278 Neque
856 2239 951 2267 vero
1000 2227 1224 2266 inconsulto
1275 2226 1477 2278 putandus
1527 2231 1591 2265 est

168 2297 352 2337 Pratinas
395 2297 655 2337 coniunxisse
692 2304 872 2338 veterem
916 2299 1081 2337 chorum
1120 2299 1458 2351 dithyrambicum
1499 2311 1590 2338 cum

169 2382 298 2409 novae
328 2370 558 2421 tragoediae
588 2373 837 2421 argumento,
873 2371 945 2410 sed
975 2374 1213 2423 argumenta
1240 2359 1591 2422 ita'eligebantur,

168 2445 214 2482 ut
243 2455 334 2482 cum
363 2443 482 2482 choro
513 2444 740 2496 satyrorum
771 2455 893 2495 quam
915 2445 1091 2484 maxime
1119 2446 1397 2495 congruerent.
1448 2443 1592 2496 Neque

169 2527 259 2553 eum
289 2516 543 2568 dithyrambo
575 2528 679 2555 nova
707 2517 844 2555 fabula
865 2517 1085 2568 comparari
1117 2520 1260 2568 potest.
1294 2504 1347 2545 -'
1377 2516 1593 2565 (Welcker

169 2601 206 2639 p.
238 2591 347 2636 327).
407 2589 501 2628 Fuit
545 2601 641 2629 sane
682 2589 722 2628 in
767 2588 943 2640 satyrica
985 2589 1109 2640 poesi,
1155 2594 1198 2628 ut
1237 2589 1277 2628 in
1320 2575 1589 2641 d'ithyrambo,

170 2659 343 2700 saltandi
373 2661 571 2712 quaedam
611 2661 712 2701 ratio
752 2661 926 2711 liberior,
972 2660 1043 2699 sed
1084 2673 1174 2699 cum
1214 2662 1293 2701 alia
1324 2661 1512 2701 videntur
1550 2662 1591 2700 in
