1878 3092
239 167 303 214 28

241 303 464 357 Sophocles
495 302 531 344 si
556 315 637 344 non
658 304 880 357 scripsisse,
910 304 952 343 at
971 302 1209 343 emendasse
1227 300 1300 342 filii
1320 301 1479 342 fabulas
1499 299 1665 343 dicatur.
1734 337 1736 339 ,

239 376 373 419 Unam
403 378 489 416 eius
523 377 703 417 fabulam
733 377 950 429 satyricam
981 375 1171 417 Clemens
1204 375 1505 415 Alexandrinus
1535 374 1667 430 adfert

238 447 402 497 (Strom.
434 448 468 489 Ι.
501 451 537 499 3,
569 449 639 499 24)
667 444 908 496 Αὐλωδούς.

326 561 494 600 'Paullo
533 560 665 600 minor
704 560 903 614 Sophocle
942 561 1019 600 fuit
1063 559 1308 599 Eretriensis
1352 558 1423 598 ille
1463 557 1664 608 Achaeus,

238 633 307 685 qui
337 646 427 673 cum
465 632 665 686 Soqhocle
697 636 738 674 et
773 633 967 686 Euripide
1005 633 1098 673 inde
1135 633 1185 673 ab
1220 633 1369 686 olymp.
1401 634 1453 673 83
1485 632 1664 671 certasse

237 706 382 744 dicitur
412 718 436 744 a
468 704 568 745 Suid
599 719 637 745 v.
675 702 848 759 Αχαιός.
918 705 1027 744 Ante
1067 690 1301 757 Euripidem
1342 703 1664 757 Sophoclemque

237 792 330 820 eum
387 781 591 819 mortuum
643 794 733 819 esse
783 778 1009 820 Urlichsius
1073 779 1167 818 inde
1221 779 1408 831 conlegit,
1467 778 1575 831 quod
1622 778 1663 818 in

239 851 367 891 Ranis
422 853 472 891 ab
533 852 806 905 Aristophane
864 865 944 892 non
1001 853 1335 891 commemoratur
1392 851 1454 901 (cf.
1499 849 1663 891 Welck.

237 926 356 977 Frag.
388 940 424 978 p.
458 928 537 966 958
569 927 656 978 sq.)
718 925 820 966 Cum
859 925 1052 977 Euripide
1088 939 1180 965 eum
1214 928 1430 977 comparat,
1468 926 1663 976 quantum
1707 943 1710 945 ¹

236 1000 287 1040 ad
326 1002 453 1040 artem
499 999 775 1052 rationemque
813 999 1041 1039 fabularum
1085 1000 1436 1052 conponendarum
1480 997 1661 1048 attineat,

235 1070 462 1111 Urlichsius
506 1073 546 1112 in
591 1073 754 1124 fragm.;
806 1074 878 1111 sed
921 1073 962 1110 in
1006 1072 1154 1111 tabulis
1202 1070 1388 1125 satyricis
1432 1071 1664 1117 Menedemi

234 1144 378 1184 iudicio
415 1157 554 1184 omnes
594 1147 754 1197 praeter
785 1145 1035 1197 Aeschylum
1074 1146 1214 1197 poetas
1245 1144 1471 1197 superabat.
1531 1143 1662 1197 (Diog.

177 1231 180 1234 ·
234 1217 278 1256 L.
319 1218 377 1257 ΙΙ.
420 1219 527 1265 133).
587 1217 717 1262 Quem
750 1218 784 1256 si
814 1219 922 1256 recte
952 1217 1194 1256 iudicavisse
1214 1220 1415 1269 putamus,
1445 1217 1580 1256 nescio
1611 1229 1662 1256 an

233 1293 343 1329 recte
373 1288 544 1331 Casaub.
575 1305 611 1344 p.
638 1294 718 1331 140
748 1291 872 1330 dicat:
910 1289 1088 1340 „Achaei
1117 1303 1213 1330 vero
1244 1291 1459 1342 plerasque
1489 1290 1661 1341 fabulas,
1728 1289 1739 1294 ’

233 1375 404 1415 quarum
443 1365 593 1404 mentio
634 1365 740 1416 apud
770 1367 944 1413 veteres,
984 1364 1110 1403 fuisse
1140 1364 1336 1417 satyrica's
1374 1364 1661 1416 suspicamur.“

233 1435 370 1487 Atque
406 1449 429 1476 a
471 1438 677 1476 veteribus
727 1436 986 1488 scriptoribus
1027 1436 1103 1475 hae
1148 1437 1183 1475 ei
1224 1437 1454 1476 tribuuntur
1500 1436 1660 1476 fabulae
1736 1451 1738 1453 ·

233 1511 455 1564 satyricae:
500 1508 648 1551 Αἴδων
693 1511 854 1559 (Athen.
886 1511 959 1551 VI.
989 1524 1027 1563 p.
1066 1512 1149 1550 270
1180 1511 1228 1558 c.)
1286 1508 1521 1563 Λλκμαίων
1548 1508 1656 1559 (ibid.

232 1595 269 1634 p.
303 1586 382 1623 173
401 1583 466 1632 d.),
520 1579 767 1639 Ἥφαιστος
810 1583 918 1631 (ibid.
955 1582 1073 1621 XIV.
1118 1595 1154 1634 p.
1187 1583 1323 1631 6410),
1373 1581 1452 1620 Iris
1497 1581 1565 1630 (ib.
1603 1579 1657 1618 X.

232 1668 269 1707 p.
285 1657 364 1695 451
385 1668 415 1694 c.
434 1655 498 1704 d.),
529 1654 652 1695 Linos
673 1656 738 1704 (ib.
760 1654 852 1695 XV.
875 1668 911 1707 p.
934 1658 999 1705 44,
1023 1655 1112 1704 8a.)‚
1144 1653 1343 1707 Omphale
1369 1653 1435 1704 (ib.
1456 1665 1494 1705 p.
1516 1655 1597 1693 466
1610 1665 1656 1701 e.‚

231 1727 346 1778 Diog.
369 1726 501 1767 Laert.
533 1727 590 1766 Π.
624 1730 689 1776 17,
722 1730 801 1767 133
833 1728 935 1774 cet).
994 1726 1209 1765 Praeterea
1238 1725 1406 1780 Μοῖραι
1435 1727 1475 1764 et
1495 1716 1658 1765 1Ἀθλοι

230 1800 276 1838 ut
305 1799 486 1839 conicere
514 1798 621 1849 licet,
653 1799 814 1839 fabulae
843 1799 1006 1838 fuerunt
1035 1798 1245 1852 satyricae.
1295 1798 1509 1849 (Welcker
1536 1796 1655 1849 Frag.

230 1870 300 1912 Gr.
331 1885 368 1924 p.
394 1874 486 1922 960,
519 1871 680 1912 Friebel
711 1885 747 1924 p.
770 1873 824 1912 20
854 1872 929 1924 sq.)

343 1976 405 2016 De
427 1989 611 2017 sermone
632 1976 927 2029 praetereunda
945 1988 1024 2016 non
1041 1979 1147 2025 sunt,
1179 1988 1284 2028 quae
1303 1973 1540 2016 Athenaeus
1560 1973 1657 2014 dicit
1720 1978 1723 1980 ’

227 2049 282 2089 X.
313 2062 350 2101 p.
372 2051 450 2088 451
486 2062 527 2088 c:
568 2042 737 2103 Ἀχαιός
766 2047 810 2089 δὲ
840 2046 863 2090 ὁ
883 2043 1115 2103 Ἐρετριεὺς
1142 2042 1360 2103 γλαφυρὸς
1388 2042 1447 2088 ὢν
1475 2042 1655 2098 ποιητὴς

228 2121 323 2176 περὶ
356 2116 436 2172 τὴν
464 2117 689 2171 σύνθεσιν,
730 2118 823 2163 ἔσθ’
858 2118 928 2163 ὅτε
959 2121 1030 2162 καὶ
1058 2121 1249 2174 μελαίνει
1280 2116 1362 2171 τὴν
1392 2117 1553 2176 φράσιν
1582 2113 1654 2161 καὶ

227 2189 366 2235 πολλὰ
396 2193 720 2248 αἰνιγματωδῶς
750 2195 924 2251 ἐκφέρει.
990 2193 1104 2233 Diou.
1135 2192 1229 2233 Hal.
1260 2193 1309 2231 de
1339 2205 1512 2245 compos.
1542 2194 1653 2234 verb.

228 2280 260 2307 c.
292 2269 343 2307 22
384 2262 612 2325 γλαφυρὰν
651 2266 721 2307 καὶ
759 2260 969 2320 ἀνθηρὰν
1006 2266 1091 2305 eius
1121 2260 1334 2306 σύνθεσιν
1363 2266 1511 2306 laudat.
1573 2252 1653 2306 Ob-

227 2339 430 2379 scuritatis
461 2340 596 2378 autem
627 2339 737 2378 illius
768 2339 1001 2390 exemplum
1030 2336 1179 2378 Athen.
1200 2339 1225 2377 l.
1248 2339 1273 2378 l.
1305 2338 1436 2377 adfert
1466 2350 1520 2376 ex
1549 2338 1652 2378 tride

227 2414 409 2453 ductum:
440 2407 737 2469 Σπαρτιάτην
766 2406 960 2467 γραπτὸν
989 2411 1072 2466 ἔφη
1102 2407 1243 2468 κύρβω
1263 2408 1361 2454 ἀντὶ
1391 2411 1469 2453 τοῦ
1487 2410 1650 2469 Σπαρ-

227 2486 371 2526 τιᾶτιν
419 2480 646 2534 σκυτάλην.
726 2483 839 2522 Talia
888 2487 1022 2523 autem
1070 2486 1138 2523 vel
1187 2485 1363 2524 maxime
1412 2486 1452 2523 in
1501 2485 1651 2524 fabulis

226 2559 413 2612 satyricis
467 2558 699 2598 adhibuisse
756 2560 914 2610 poetam
974 2558 1309 2598 verisimillimum
1366 2558 1528 2598 videtur
1584 2558 1650 2608 (cf.

223 2631 447 2671 Bernhard.
480 2631 504 2672 l.
537 2631 562 2672 l.
594 2644 630 2683 p.
654 2632 725 2671 50:
766 2629 937 2683 Kayser.
969 2630 1061 2671 hist.
1092 2630 1176 2670 crit.
1207 2643 1243 2683 p.
1268 2632 1347 2671 138
1378 2631 1464 2682 sq.).
1516 2629 1650 2682 Atque

223 2716 248 2743 a
277 2716 376 2743 vero
406 2702 479 2744 vix
511 2702 770 2754 aberraverit,
803 2702 871 2754 qui
902 2703 1065 2755 propter
1093 2702 1222 2754 ipsam
1250 2702 1364 2742 illam
1394 2701 1553 2742 dicendi
1582 2702 1649 2743 ob-
