1878 3092
253 172 314 218 14

361 307 410 349 V.
432 306 601 349 Wiesel.
634 322 671 362 p.
695 310 775 350 725
806 322 866 362 sq.
929 310 1030 351 Inde
1060 311 1172 364 patet
1199 323 1328 364 usque
1358 309 1673 366 adSophoclem

246 383 408 436 satyros
452 379 604 430 chori*)
647 384 755 432 (nam
800 384 851 422 de
895 384 1015 424 choro
1058 397 1284 424 sermonem
1325 396 1415 423 esse
1454 385 1674 426 ostendunt

245 455 373 495 verba
392 450 578 497 εὔθετον
596 450 830 512 ὀρχηστὴν)
859 456 1037 497 moribus
1067 459 1108 497 et
1136 457 1289 497 vestitu
1318 459 1501 510 agrestes
1526 456 1669 507 fuisse;

246 531 332 568 tum
356 541 457 568 vero
494 540 615 569 aureo
646 530 890 569 vestimento
925 530 1085 569 ornatos
1124 530 1165 569 in
1202 541 1389 569 scaenam
1424 530 1672 570 introductos

246 615 347 642 esse.
401 598 620 658 Ἀλουργὶς
649 603 785 641 autem
814 602 887 642 illa
915 602 1077 642 videtur
1106 603 1231 642 fuisse
1260 603 1396 643 tunica
1423 603 1478 653 (v,
1500 601 1670 644 Wiesel.

243 687 281 728 p.
305 676 414 724 728).
472 675 534 716 De
570 675 679 715 chori
716 675 866 729 satyris
900 677 1114 728 postquam
1144 675 1333 726 diximus,
1378 677 1506 716 mstat
1538 677 1584 716 ut
1619 675 1670 715 de

244 748 389 789 ceteris
425 748 576 801 satyris
612 761 830 799 eorumque
867 749 1121 789 vestimentis
1158 749 1348 789 dicamus
1407 747 1512 789 Nam
1553 750 1669 789 acute

242 823 288 861 ut
328 820 426 860 mihi
465 820 626 860 videtur
662 819 868 861 Wieseler
905 821 1127 874 perspexit,
1173 833 1276 873 quae
1316 822 1422 874 apud
1463 821 1670 861 Pollucem

241 894 477 945 legerentur
511 893 587 934 IV.
627 895 706 933 118
750 895 804 942 (v.
843 906 964 946 supra
1002 907 1041 946 p,
1074 894 1141 941 10)
1184 907 1264 933 non
1299 896 1380 933 tam
1417 894 1468 933 ad
1504 894 1668 933 chorum

241 965 456 1006 referenda
491 978 581 1006 esse
617 978 736 1019 quam
773 966 824 1006 ad
860 968 1015 1007 ceteros
1048 966 1276 1007 fabularum
1311 966 1577 1021 satyricarum
1606 978 1668 1006 sa-

242 1043 369 1091 tyros,
414 1039 509 1091 quia
546 1039 597 1078 de
635 1039 884 1090 subligaculo
916 1040 1064 1079 Pollux
1103 1052 1266 1092 prorsus
1303 1052 1383 1079 non
1420 1041 1665 1092 loqueretur.

241 1110 331 1153 Nisi
344 1111 549 1164 sorte'quis
561 1113 677 1165 putat
692 1111 839 1165 pellem
856 1112 969 1152 illam
981 1112 1182 1165 caprinam
1200 1112 1256 1151 sic
1271 1112 1457 1165 intellegi
1471 1108 1667 1165 posse.**)
1701 1107 1705 1111 ’

240 1184 301 1223 Ac
329 1184 611 1237 pantherinam
642 1184 805 1236 quidem
841 1186 990 1237 pellem
1021 1186 1178 1225 textam
1206 1198 1294 1225 raro
1326 1185 1546 1225 adhibitam
1576 1198 1666 1225 esse

240 1270 294 1297 ex
334 1256 511 1297 Pollucis
550 1257 687 1297 verbis
726 1259 895 1310 apparet
936 1269 1106 1309 eamque
1148 1256 1284 1297 Sileno
1329 1258 1506 1298 maxime
1545 1257 1667 1298 tribui

238 1330 318 1369 iam
349 1342 471 1382 supra
500 1330 737 1369 monuimus.
777 1329 897 1382 Αὶγῆ
911 1342 1021 1379 vero,
1051 1330 1170 1381 pellis
1201 1330 1374 1382 caprina,
1404 1330 1667 1370 usitatissima

238 1402 313 1441 fuit
358 1403 670 1456 satyrorumque
714 1403 760 1441 ut
803 1402 1024 1455 agrestium
1073 1401 1280 1441 hominum
1325 1414 1445 1454 quam
1489 1403 1665 1442 maxime

236 1474 399 1529 propria
427 1474 605 1526 (Buhnk.
636 1475 687 1515 ad
709 1474 808 1515 Tim.
841 1489 878 1529 p.
901 1476 997 1524 231)
1032 1470 1226 1532 θήραιον
1255 1473 1486 1529 Geppertus
1516 1475 1662 1530 (Altgr.

235 1547 282 1588 B.
314 1561 352 1602 p.
374 1550 456 1589 274
487 1548 524 1589 d.
555 1549 596 1598 3)
632 1549 814 1602 generali
850 1548 1022 1602 quadam
1058 1548 1349 1602 significatione
1387 1549 1663 1603 accipiendum

236 1623 362 1675 putat,
407 1622 465 1661 ita
498 1623 544 1662 ut
580 1622 816 1662 universum
856 1622 1055 1674 significet
1092 1622 1260 1675 pellium
1296 1635 1437 1675 genus
1497 1621 1580 1663 Sed
1610 1636 1663 1663 ex

235 1694 403 1733 Polluce
432 1694 530 1734 VII.
562 1697 617 1735 48
639 1697 680 1734 et
701 1698 753 1735 77
782 1695 1034 1747 intellegitur
1054 1695 1311 1747 cogitandum
1342 1708 1432 1734 esse
1459 1696 1510 1735 de
1539 1696 1662 1748 pallio

234 1767 349 1807 texto
371 1766 685 1819 bestiarumque,
712 1779 850 1807 earum
871 1766 1042 1808 fortasse
1063 1779 1166 1820 quae
1187 1767 1238 1807 ad
1256 1766 1405 1818 Bacchi
1425 1767 1661 1819 religionem

234 1840 503 1893 pertinebant,
551 1840 692 1892 figuris
737 1842 875 1880 ornato
924 1842 976 1889 (v.
1024 1838 1258 1888 Schneider,
1304 1839 1387 1880 Att.
1433 1839 1661 1880 Theaterw.

233 1926 272 1966 p.
296 1915 395 1961 166;
434 1911 605 1953 Wiesel.
635 1924 675 1965 p.
697 1914 806 1963 712).
856 1912 992 1965 Atque
1013 1912 1185 1953 Wiesel.
1216 1924 1305 1952 eam
1336 1910 1474 1952 Sileno
1503 1914 1662 1952 vestem
1715 1939 1718 1943 -

233 1986 412 2025 maxime
441 1985 696 2025 tribuendam
726 1987 853 2037 putat.
898 1985 1064 2033 Χλανὶς
1084 1998 1181 2025 vero
1202 1998 1225 2025 a
1244 1985 1411 2025 Polluce
1436 1986 1663 2038 explicatur

233 2058 333 2098 VII.
363 2061 436 2099 48:
479 2057 642 2113 χλανὶς,
678 2057 819 2111 inquit,
863 2053 1037 2111 ἱμάτιον
1073 2053 1230 2099 λεπτὸν
1259 2057 1330 2099 καὶ
1361 2055 1662 2112 χλανίδιασκια

232 2127 411 2172 ἐκάλουν
445 2132 499 2181 (v.
533 2130 704 2172 Wiesel.
745 2143 782 2183 p.
815 2131 922 2178 707).
981 2129 1098 2170 Hanc
1135 2143 1295 2183 quoque
1325 2132 1482 2170 vestem
1518 2131 1570 2170 ad
1600 2129 1661 2171 Si-

230 2204 371 2244 lenum
410 2204 528 2257 putat
565 2203 781 2257 pertinere.
840 2202 983 2248 Qualis
1026 2204 1158 2244 autem
1196 2204 1398 2243 censenda
1435 2203 1488 2243 sit
1522 2203 1674 2254 fuisse,

346 2325 387 2369 *)
411 2324 557 2360 Welck.
583 2324 697 2369 Frag.
726 2324 792 2360 Gr.
826 2334 863 2368 p.
890 2324 980 2359 1254
1009 2323 1123 2359 verba
1158 2324 1201 2360 de
1242 2324 1436 2369 tragoedia
1470 2324 1661 2370 intellegit

230 2382 265 2414 ἐκ
283 2382 345 2415 τοῦ
361 2382 546 2426 σατυρικοῦ
566 2382 660 2415 orta.
702 2380 775 2416 Sed
800 2380 880 2424 ipse
906 2379 1023 2414 sentit
1045 2382 1189 2415 restare
1210 2379 1350 2425 aliquid
1367 2380 1550 2426 scrupuli3
1575 2391 1660 2416 nam

230 2446 297 2472 cur
312 2436 358 2471 de
377 2436 559 2481 Sophocle
584 2436 752 2481 loquitur
769 2439 940 2481 satyrus?
964 2446 1030 2472 cur
1053 2446 1126 2473 non
1144 2437 1188 2472 de
1204 2437 1285 2482 ipso
1302 2437 1519 2482 tragoediae
1538 2437 1658 2474 seriae

227 2495 403 2528 auctore?

344 2548 410 2593 ss)
432 2547 485 2585 Et
500 2551 603 2585 recte
620 2548 736 2585 verba
752 2548 846 2593 αῑγῆ,
871 2548 981 2593 ἰεαλῆ,
1001 2550 1112 2594 τραγῆ
1137 2548 1189 2584 sic
1205 2558 1271 2585 nos
1290 2559 1399 2594 posse
1416 2548 1659 2595 interpretari

229 2608 334 2649 pute.
388 2605 447 2641 Of.
473 2605 607 2650 Eurip.
642 2605 743 2648 Cycl.
776 2615 812 2641 v.
838 2606 895 2649 80,
932 2604 997 2639 ubi
1032 2604 1113 2649 ipse
1137 2605 1323 2641 Wieseler
1350 2606 1478 2652 τράγον
1511 2609 1659 2649 χλαῖναν

229 2661 500 2707 subligaculum
524 2664 635 2708 putat
657 2661 790 2698 fuisse.
831 2661 962 2707 Neque
980 2664 1103 2697 tamen
1127 2660 1212 2697 inde
1238 2661 1409 2706 sequitur
1425 2664 1468 2699 ut
1484 2662 1528 2699 de
1545 2662 1657 2698 choro

228 2721 373 2754 tantum
397 2718 531 2755 Pollux
556 2719 743 2763 loquatur.
