1878 3092
231 169 293 215 10

227 305 345 346 sitam
375 306 669 346 inlustrandam
705 307 875 357 possunt
903 307 997 357 peti.
1060 306 1194 360 Atque
1231 308 1306 348 hoc
1334 308 1421 348 loco
1451 307 1571 348 etiam
1602 307 1653 347 de

229 376 365 418 Sileno
396 379 528 431 qualis
557 380 599 419 in
629 379 778 419 fabulis
810 380 995 433 satyricis
1026 381 1066 420 in
1095 393 1283 421 scaenam
1311 381 1651 431 introducebatur,

230 451 444 491 dicendum
483 455 556 492 est.
616 451 753 504 Atque
782 452 989 492 Prellerus
1028 453 1200 507 Mythol.
1238 452 1307 494 Gr.
1349 454 1382 495 1.
1423 465 1461 504 p.
1493 456 1572 494 573
1611 453 1652 493 in

225 524 308 563 illis
339 524 486 563 fabulis
519 525 593 564 hoc
630 525 727 563 dicit
764 537 837 563 usu
870 525 1018 575 venire,
1065 529 1109 565 ut
1145 527 1197 566 sit
1228 525 1390 566 Silenus
1425 527 1651 580 satyrorum

225 598 323 635 natu
363 598 576 636 maximus.
640 597 761 638 Certe
800 598 840 637 in
873 596 1053 652 Cyclope
1083 598 1291 649 Euripidis
1331 611 1419 638 eam
1458 598 1652 638 rationem

226 670 363 709 valere
407 669 606 710 videmus,
680 670 730 709 In
778 671 924 710 fabulis
973 673 1108 710 autem
1158 671 1355 725 satyricis,
1409 682 1653 724 quamquam

224 743 341 792 plura
372 741 601 782 Silenorum
632 755 783 794 genera
812 744 1038 783 introducta
1068 757 1158 783 esse
1188 746 1355 793 apparet
1384 756 1437 782 ex
1464 742 1651 793 Xenoph.

227 813 367 869 Symp.
390 815 463 856 1V.
489 819 540 857 10
571 817 612 855 et
641 815 741 856 Poll.
774 815 846 855 IV.
881 819 977 856 118:
1022 816 1093 857 καὶ
1119 820 1326 872 χορεαῖος,
1353 809 1487 870 χιτὼν
1522 809 1653 863 δασὺς

224 883 275 928 ὃν
295 889 334 928 οἱ
356 887 561 939 Σειληνοὶ
585 889 806 944 φοροῦσιν,
838 891 973 927 tamen
1003 902 1127 927 unum
1157 889 1370 938 praecipue
1399 889 1441 927 in
1464 899 1651 927 scaenam

225 961 409 1010 prodisse
438 974 567 1013 eoque
595 961 755 1001 nomine
785 960 1032 1010 appellatum
1066 973 1156 1000 esse
1185 960 1405 1000 verisimile
1435 961 1509 1009 est,
1539 958 1650 1001 Σει-

224 1028 358 1082 ληνὸν
378 1030 558 1076 πάππον
579 1033 697 1082 (Poll.
719 1033 792 1072 IV.
817 1034 924 1081 132),
957 1034 1184 1085 satyrorum
1210 1034 1419 1082 parentem
1451 1033 1513 1081 (cf.
1535 1032 1649 1085 cycl.

225 1104 321 1145 Eur.
344 1119 381 1146 v,
404 1108 484 1147 269
517 1108 558 1145 et
588 1108 687 1154 271;
720 1104 919 1159 Lycophr.
951 1119 988 1146 v,
1022 1107 1071 1152 1).
1131 1105 1194 1144 De
1224 1105 1298 1145 hoc
1327 1108 1463 1145 autem
1494 1103 1651 1145 Sileno-
1698 1138 1702 1142 .

225 1189 356 1228 pappo
388 1176 560 1218 casaub.
592 1192 629 1230 p.
654 1181 733 1218 104
764 1179 863 1217 haec
894 1178 1005 1217 dicit:
1038 1177 1350 1230 Papposilenum
1370 1178 1529 1217 vultum
1560 1182 1650 1217 con-

224 1250 441 1290 cinnabant
466 1263 489 1290 a
517 1251 790 1302 longaevitate
811 1251 1102 1290 horribiliorem
1126 1253 1167 1289 et
1187 1263 1311 1303 prope
1331 1251 1515 1290 ferinum.
1560 1249 1650 1290 Hoc

224 1327 358 1362 autem
389 1324 557 1376 conligit
587 1337 639 1362 ex
661 1323 762 1363 Poll.
795 1324 879 1362 loco
907 1323 977 1362 IV.
1006 1326 1095 1372 132,
1126 1324 1194 1363 ubi
1224 1323 1424 1376 satyricae
1453 1335 1649 1376 personae

224 1399 528 1436 enumerantur:
558 1390 768 1451 σατυρικὰ
788 1394 832 1436 δὲ
853 1392 1058 1451 πρόσωπα
1080 1391 1263 1452 σάτυρος
1285 1391 1443 1445 πολιός,
1466 1392 1650 1453 σάτυρος

222 1469 405 1522 γενειῶν,
429 1465 612 1525 σάτυρος
633 1465 832 1522 ἀγένειος,
855 1464 1069 1520 Σειληνὸς
1083 1464 1270 1518 πάππος,
1294 1461 1430 1509 τᾶλλα
1444 1464 1578 1523 ὅμοια,
1594 1464 1649 1509 τὰ

222 1538 430 1598 πρόσωπα
450 1538 563 1593 πλὴν
582 1539 698 1589 ὅσοις
719 1545 763 1583 ὲκ
779 1542 865 1583 τῶν
879 1538 1107 1595 ὀνομάτων
1122 1543 1167 1582 αἱ
1183 1542 1454 1598 παραλλαγαὶ
1470 1541 1648 1593 δηλοῦν-

224 1629 308 1664 ται,
326 1611 464 1671 ὥσπερ
479 1614 548 1656 καὶ
565 1612 587 1657 ὀ
604 1611 780 1663 πάππος
791 1610 1005 1666 Σειληνὸς
1021 1609 1101 1666 τὴν
1117 1613 1234 1656 ἰδέαν
1250 1617 1340 1656 ἐστι
1357 1614 1647 1672 θηριωδέστε-

223 1703 306 1743 ρος.
342 1688 409 1727 Ex
432 1690 513 1727 toto
535 1692 669 1727 autem
691 1690 777 1727 loco
799 1691 966 1740 apparet
986 1688 1192 1728 Pollucem
1215 1689 1265 1727 de
1287 1700 1460 1740 persona
1480 1690 1649 1737 tantum,

221 1774 302 1801 non
333 1761 383 1800 de
413 1764 495 1801 toto
527 1773 690 1814 corpore
728 1762 835 1814 loqui
880 1760 944 1811 (cf.
977 1759 1182 1801 Wieseler
1211 1759 1346 1801 Goett.
1378 1759 1493 1801 Stud.
1526 1762 1647 1811 1847,

221 1847 258 1886 p.
289 1835 398 1883 699).
457 1833 602 1886 Neque
647 1836 782 1873 tamen
826 1834 1057 1885 negandum
1097 1836 1159 1873 est
1197 1833 1488 1873 horribiliorem
1532 1834 1648 1872 illum

224 1905 405 1947 Silenum
456 1907 616 1959 qualem
666 1907 706 1947 in
756 1907 1024 1947 monumentis
1073 1906 1351 1959 conspicimus,
1409 1906 1649 1960 plerumque

223 1979 541 2031 Silenopappum
587 1992 686 2018 esse.
768 1979 943 2018 Pertinet
981 1979 1059 2016 huc
1098 1979 1209 2017 locus
1250 1978 1424 2017 Pollucis
1461 1978 1535 2019 IV.
1568 1983 1647 2020 118

222 2051 291 2091 ubi
321 2051 372 2091 de
402 2051 656 2092 vestimentis
688 2052 873 2105 satyricis
905 2063 1034 2091 sermo
1058 2052 1149 2090 esu
1170 2047 1195 2102 ἡ
1217 2049 1261 2092 δὲ
1282 2046 1488 2108 σατυρικὴ
1510 2046 1649 2104 ἐσθὴς

221 2124 377 2179 νεβρὶς,
424 2123 538 2176 αὶγῆ,
584 2118 639 2173 ἣν
669 2124 738 2163 καὶ
770 2122 921 2174 ἰξαλῆν
951 2120 1128 2163 ἐκάλουν
1157 2123 1227 2163 καὶ
1259 2124 1434 2179 τραγῆν,
1466 2125 1538 2164 καί
1567 2139 1649 2166 που

220 2197 292 2239 καὶ
327 2195 527 2253 παρδαλῆ
564 2192 804 2254 ὑφασμένη,
846 2195 916 2237 καὶ
956 2189 1007 2237 τὸ
1045 2191 1237 2252 θήραιον
1274 2191 1321 2238 τὸ
1353 2192 1645 2249 Διονυσιακὸν,

220 2271 290 2312 καὶ
324 2270 476 2325 χλανὶς
512 2265 681 2320 ἆνθινὴ
724 2270 792 2311 καὶ
830 2269 1051 2327 φοινικοῦν
1087 2264 1275 2322 ἱμάτιον,
1321 2269 1391 2311 καὶ
1430 2276 1645 2327 χορταῒος,

216 2344 349 2399 χιτῶν
370 2337 514 2391 δασὺς,
546 2337 596 2384 ὃν
626 2344 666 2384 οἱ
686 2342 891 2393 Σειληνοὶ
915 2342 1131 2400 φοροῦσιν.
1181 2341 1242 2381 Ac
1271 2343 1378 2395 pelle
1408 2344 1647 2396 pantherina

222 2417 385 2457 Silenus
421 2416 587 2455 indutus
627 2417 868 2469 conspicitur
906 2417 946 2455 in
987 2416 1056 2455 illo
1087 2428 1197 2467 vase,
1244 2416 1295 2456 de
1333 2430 1410 2469 quo
1442 2416 1647 2458 Wieseler

220 2489 393 2541 scripsit,
429 2489 484 2528 ita
522 2490 565 2527 ut
601 2489 794 2541 suspicari
826 2490 944 2529 liceat
973 2501 1062 2528 cum
1094 2501 1380 2541 nonnunquam
1413 2492 1570 2530 tantum
1599 2504 1647 2531 ea

219 2563 328 2615 pelle
366 2574 460 2601 usos
501 2574 599 2616 esse.
623 2561 770 2601 Pollux
809 2561 895 2614 ipse
935 2561 1050 2612 dicat,
1095 2562 1144 2600 ad.
1177 2561 1357 2601 Silenum
1394 2563 1645 2615 potissimum

219 2647 309 2674 esse
339 2634 605 2673 referendam,
660 2633 909 2673 Vestimento
941 2647 992 2673 ex
1023 2634 1186 2674 floribus
1217 2634 1321 2674 facto
1353 2634 1532 2674 Silenum
1565 2649 1644 2675 non

217 2720 335 2747 usum
373 2720 462 2747 esse
495 2706 701 2747 Wieseler
737 2721 774 2760 p.
808 2710 889 2747 714
925 2710 1063 2747 contra
1101 2706 1383 2747 Casaubonum
1417 2721 1453 2760 p.
1490 2711 1567 2749 107
1605 2710 1647 2748 et
