1878 3092
1578 165 1638 211 19

217 306 311 346 ante
340 305 442 345 illud
462 305 622 356 tempus
643 303 804 344 videtur
822 303 890 343 vel
920 302 1027 342 solas
1049 301 1245 354 satyr-icas
1274 301 1433 341 fabulas
1454 301 1639 341 docuisse

217 379 405 430 (Pinzger
443 377 495 417 de
534 377 658 417 dram.
699 378 770 417 sat.
811 388 870 429 gr.
907 376 1004 427 orig.
1026 388 1077 428 sp.
1109 375 1191 426 25).
1249 374 1354 415 Nam
1399 374 1515 414 aliter
1559 385 1639 413 non

216 450 352 505 potest
378 449 574 502 intellegi,
605 450 802 502 quomodo
833 462 886 489 ex
917 448 1086 490 50¹eius
1115 448 1263 488 fabulis
1294 450 1347 489 32
1374 448 1499 488 fuisse
1529 448 1639 500 saty-

217 523 320 563 ricas
342 522 487 563 Suidas
508 522 667 562 dixerit.
713 521 856 573 Neque
877 534 973 561 vero
1003 522 1094 560 ideo
1114 522 1330 559 mutandus
1351 524 1415 560 est
1435 533 1638 569 numerus,

218 595 326 648 quod
355 595 451 635 fecit
479 594 655 635 Boeckh.
686 607 746 646 gr.
777 593 895 646 Frag.
926 593 1091 647 princip.
1122 606 1159 645 p.
1184 595 1275 643 125,
1309 606 1399 632 cum
1429 592 1640 633 duodecim

218 669 376 706 tantum
405 668 601 720 satyricas
629 667 787 707 fabulas
807 668 857 705 ab
882 680 928 706 eo
950 668 1101 706 diceret
1120 665 1361 718 compositas
1382 678 1482 704 esse.
1534 664 1639 704 Nam

218 752 352 792 neque
390 739 549 792 probari
588 741 721 793 potest
760 753 889 792 neque
924 752 1066 779 verum
1106 752 1196 779 esse
1236 738 1442 778 Pratinam
1481 750 1641 790 semper

219 813 443 864 tetralogiis
479 814 709 852 certavisse.
767 813 1116 853 Verisimillimum
1156 814 1219 852 est
1256 812 1364 851 enim
1404 823 1495 850 eum
1532 810 1641 850 haud

220 885 356 937 paucis
372 885 487 925 annis
500 889 593 925 ante
603 885 852 939 Aeschylum
868 886 1025 925 fabulas
1040 885 1234 925 docuisse.
1253 882 1297 924 G.
1306 883 1371 924 Fr.
1381 883 1641 923 Hermannus

220 959 355 998 autem
384 958 501 1008 (Phil.
533 959 615 998 ΠΙ.
648 972 684 1010 p.
707 960 803 1007 509)
838 959 992 998 nullam
1027 958 1186 998 omnino
1224 957 1479 1008 tetralogiam
1514 956 1564 995 ab
1595 969 1640 995 eo

221 1031 349 1070 aotam
389 1043 480 1070 esse
515 1030 731 1081 contendit,
776 1043 866 1070 cum
907 1043 959 1070 ne
989 1029 1163 1070 Aristiae
1202 1029 1366 1082 quidem
1400 1029 1485 1067 ulla
1520 1029 1641 1067 tetra-

146 1096 148 1098 *
220 1102 329 1155 logia
372 1105 713 1144 commemoretur.
783 1102 865 1144 Sed
909 1103 982 1144 vix
1026 1103 1245 1143 verisimile
1290 1103 1352 1142 est
1380 1101 1502 1154 quod
1547 1101 1643 1140 dicit

221 1175 409 1217 Pratinae
430 1178 560 1217 aetate
590 1177 747 1217 fabulas
777 1177 972 1231 satyricas
995 1178 1121 1217 altero
1143 1178 1254 1217 tanto
1285 1175 1487 1228 longiores
1517 1174 1644 1214 fuisse

224 1261 392 1300 eamque
423 1249 472 1289 ob
502 1262 663 1289 causam
691 1250 733 1289 in
765 1252 1000 1301 argumento
1022 1249 1252 1289 Promethei
1272 1248 1517 1301 Aeschyliae
1542 1248 1643 1287 duas

222 1323 382 1362 tantum
419 1321 647 1373 tragoedias
687 1333 776 1361 cum
815 1321 1090 1369 Παλαισταῖς
1129 1325 1372 1377 σατυρικοῖς
1410 1320 1643 1361 coniunctas

222 1393 358 1434 fuisse.
416 1393 468 1432 Id
508 1395 641 1432 autem
677 1406 768 1432 cum
805 1394 901 1433 dicit
938 1394 1026 1446 ipse
1062 1394 1182 1433 tacite
1218 1393 1401 1433 concedit
1435 1396 1645 1445 praeterea

222 1477 383 1518 semper
425 1466 648 1517 tetralogiis
692 1468 889 1506 certatum
937 1480 1028 1506 esse
1071 1467 1244 1518 ideoque
1288 1466 1417 1514 etiam⁸
1452 1466 1645 1505 Aristiam

224 1537 413 1579 Pratinae
441 1538 570 1578 filium
605 1538 698 1578 huic
727 1540 827 1579 mori
857 1540 1092 1580 obsecutum
1128 1553 1229 1580 esse.
1288 1538 1397 1585 Quid
1428 1540 1562 1578 autem
1591 1539 1649 1579 fa-

225 1611 340 1650 cilius
377 1623 497 1663 quam
536 1611 788 1651 intercidisse
824 1615 1002 1652 statuere
1038 1599 1184 1651 nomen
1214 1612 1375 1664 aliquod
1406 1613 1648 1664 tragoediae,

224 1683 332 1736 quod
372 1683 555 1723 fecerunt
593 1685 634 1723 et
672 1684 741 1724 alii
780 1686 822 1724 et
859 1685 1001 1737 probat
1031 1684 1304 1724 Bernhardius
1335 1683 1429 1726 Litt.
1466 1698 1525 1737 gr.
1556 1685 1648 1725 hist.

224 1755 282 1795 Π.
298 1768 336 1807 p.
355 1756 431 1794 12?
461 1755 677 1794 Praeterea
697 1757 965 1795 antecessisse
980 1756 1159 1795 fabulam
1181 1756 1397 1808 satyricam
1419 1757 1651 1807 tragoediae

224 1828 331 1881 apud
353 1828 568 1877 Pratinam,
591 1840 681 1867 cum
703 1828 936 1868 coniunctae
958 1829 1194 1881 agebantur,
1225 1829 1331 1868 idem
1355 1828 1493 1869 Herm.
1513 1842 1550 1881 p.
1568 1831 1648 1869 508

224 1901 439 1941 contendit.
484 1901 581 1953 Ipse
602 1914 761 1953 quoque
782 1901 1029 1942 Welckerus
1050 1902 1153 1954 App.
1177 1915 1213 1954 p.
1237 1905 1317 1942 279
1338 1902 1449 1941 initio
1471 1902 1650 1941 fabulam

225 1974 441 2027 satyricam
472 1976 565 2013 ante
595 1974 846 2026 tragoediam
882 1976 1011 2014 actam
1051 1987 1141 2013 esse
1171 1975 1372 2014 concludit
1402 1987 1455 2012 ex
1488 1973 1652 2013 Zenobii

225 2046 312 2086 loco
335 2047 382 2086 V.
405 2049 478 2087 40:
523 2041 595 2087 διὰ
629 2047 732 2099 γοῦν
768 2047 896 2089 τοῦτο
926 2042 1026 2094 τοὺς
1061 2042 1271 2103 σατύρους
1299 2042 1478 2102 ὕστερον
1506 2044 1651 2097 ἔδοξεν

225 2115 372 2166 αὐτοῖς
410 2115 690 2175 προεισάγειν,
736 2121 809 2161 ἵνα
847 2115 907 2173 μὴ
948 2119 1128 2161 δοκῶσιν
1158 2115 1545 2160 ἐπιλανθάνεσθαι
1574 2118 1651 2159 τοῦ

228 2190 348 2232 θεοῦ.
399 2189 482 2231 Sed
511 2193 611 2231 haec
640 2193 915 2245 interpretatio
946 2193 1043 2232 mihi
1072 2193 1235 2245 quidem
1265 2205 1345 2232 non
1371 2192 1533 2231 videtur
1561 2204 1650 2244 pro-

225 2264 368 2303 banda.
424 2263 530 2303 Nam
550 2276 649 2304 voce
680 2260 857 2321 ὕστερον
886 2266 1084 2305 indicatur
1112 2278 1192 2304 non
1222 2278 1312 2304 esse
1343 2265 1393 2303 de
1423 2264 1650 2316 primordiis

226 2335 387 2376 fabulae
407 2336 607 2390 satyricae
628 2350 865 2389 sermonem,
897 2338 969 2378 sed
990 2337 1040 2377 de
1067 2337 1288 2391 posteriore
1310 2337 1483 2389 quadam
1504 2338 1649 2387 aetate,

226 2408 491 2460 intellegique
531 2409 835 2460 tetralogiarum
874 2423 991 2449 usum
1032 2410 1081 2448 ab
1112 2409 1318 2462 Aeschylo
1354 2410 1649 2457 institutarum;

228 2492 352 2532 quare
382 2492 472 2519 cum
500 2480 711 2532 praeterea
730 2480 830 2520 nihil
852 2481 1048 2521 eiusmodi
1075 2481 1257 2521 tradatur
1286 2481 1418 2533 sitque
1439 2493 1498 2529 ea,
1529 2493 1651 2532 quam

227 2549 276 2591 G.
307 2551 565 2591 Hermannus
603 2552 644 2591 in
682 2565 852 2591 censura
889 2553 981 2592 libri
1011 2551 1290 2593 Welckeriani
1334 2552 1520 2604 (Ephem.
1555 2552 1650 2592 Litt.

228 2623 335 2675 Lips.
366 2626 489 2673 1827,
520 2637 556 2662 n.
592 2625 657 2671 15)
688 2625 882 2676 proponit,
929 2625 1157 2663 coniectura
1192 2636 1312 2675 quam
1348 2624 1525 2663 maxime
1561 2637 1649 2675 pro-

228 2697 356 2746 clivis,
387 2693 682 2752 προσεισάγειν
701 2710 845 2737 censeo
875 2697 1129 2736 scribendum
1151 2710 1253 2746 esse,
1284 2697 1362 2736 nisi
1391 2696 1454 2735 cui
1475 2696 1650 2748 Kayseri
