1878 3092
1558 169 1619 219 15

195 318 236 347 v.
262 319 300 360 p.
323 308 404 347 714
435 304 651 348 Wieseler.
710 304 760 345 In
800 304 930 359 capite
969 303 1235 357 manibusque
1275 304 1403 358 satyri
1441 304 1482 345 in
1519 317 1617 347 vase

192 379 264 419 illo
302 380 404 420 nihil
438 380 591 421 habent
624 379 859 420 ornamenti.
921 377 1064 430 Neque
1100 390 1197 417 vero
1236 390 1322 417 rem
1362 377 1420 417 sic
1458 390 1618 431 semper

104 450 107 454 ’
192 450 318 493 fuisse
352 453 577 494 institutam
612 452 760 506 conligi
795 451 927 492 debet.
992 451 1122 491 Immo
1152 450 1343 491 videntur
1378 451 1617 504 plerumque

194 527 236 565 et
264 527 385 579 caput
408 526 575 575 coronis,
608 526 697 565 aliis
725 525 846 564 rebus
877 525 1061 564 ornatum
1089 536 1187 576 prae
1218 537 1262 564 se
1291 524 1435 563 tulisse
1465 525 1507 563 et
1534 535 1617 563 ma-

191 598 310 638 nibus
339 599 527 652 thyrsum
560 598 761 650 pedumve
790 598 986 649 gestasse.
1045 595 1178 635 Huius
1209 597 1344 636 autem
1374 597 1507 650 thyrsi
1537 597 1615 637 duo

193 672 308 711 erant
335 684 499 724 genera,
538 671 710 711 alterum
740 671 895 720 natura,
925 670 1012 709 arte
1042 669 1213 708 alterum
1242 669 1404 720 factum,
1443 682 1616 722 quorum

191 743 267 784 hoc
286 757 416 796 genus
436 744 488 785 ad
509 757 601 784 eum
624 742 793 784 Wiesel.
817 756 854 795 p.
873 744 953 784 755
974 742 1099 782 refert
1117 742 1379 795 probabiliter
1398 745 1614 793 auctorem,

104 804 106 806 V
191 828 325 868 quem·
352 817 625 869 splendidiora
658 828 818 868 quoque
848 815 1091 855 vestimenta
1120 815 1269 869 satyris
1306 815 1494 856 tribuisse
1523 828 1615 867 cog-

191 890 377 930 novimus
413 890 478 940 (cf.
509 889 631 931 Auth.
663 890 706 929 P.
738 889 835 928 VII.
869 892 961 938 707,
997 902 1035 929 v,
1067 890 1120 938 9).
1179 889 1315 940 Atque
1344 889 1444 939 haec
1473 890 1523 929 de
1553 902 1615 928 sa-

190 962 293 1015 tyris
323 975 541 1016 eorumque
580 963 730 1003 habitu.
796 962 897 1002 Illas
926 963 1062 1001 autem
1091 974 1229 1002 omnes
1259 974 1466 1015 personas,
1510 974 1614 1014 quae

190 1035 311 1074 etiam
340 1036 381 1075 in
411 1036 628 1088 tragoediis
659 1037 789 1076 locum
819 1036 1006 1087 poterant
1033 1035 1195 1084 habere,
1236 1035 1391 1084 heroes,
1436 1035 1532 1075 deos
1563 1036 1615 1074 ad

190 1107 386 1159 tragicum
426 1109 560 1161 potius
600 1121 722 1162 quam
762 1108 981 1161 satyricum
1020 1109 1256 1161 apparatum
1295 1107 1496 1160 pertinere
1533 1107 1613 1148 iam

190 1177 360 1220 Casaub.
392 1182 547 1221 monuit
584 1182 649 1232 (cf.
671 1181 800 1222 Wies.
830 1195 869 1234 p.
901 1181 1008 1229 628).
1066 1181 1129 1220 De
1159 1180 1221 1220 his
1250 1181 1374 1232 igitur
1402 1193 1482 1220 non
1512 1193 1613 1233 opus

190 1254 253 1292 est
286 1265 359 1293 nos
395 1253 528 1294 dicere
564 1254 815 1307 explicatius.
875 1253 1147 1305 Relinquitur,
1193 1254 1238 1292 ut
1272 1253 1321 1292 de
1351 1265 1518 1293 numero
1549 1265 1611 1293 sa-

187 1326 369 1377 tyrorum
407 1326 528 1376 chori,
572 1326 623 1365 de
661 1339 705 1365 re
740 1326 903 1375 musica,
948 1325 999 1364 de
1028 1325 1241 1365 saltatione
1271 1326 1448 1378 satyrica
1478 1326 1611 1378 deque

186 1397 299 1447 locis,
329 1397 398 1437 ubi
426 1410 492 1437 res
522 1398 758 1450 agebantur,
788 1398 978 1438 dicamus.

302 1469 458 1512 Chorus
498 1473 633 1511 autem
664 1471 862 1525 satyricus
903 1485 955 1511 ex
992 1472 1090 1524 quot
1124 1471 1176 1511 sit
1213 1471 1396 1525 personis
1426 1471 1611 1525 componi

188 1544 342 1595 solitus,
372 1544 450 1584 nisi
479 1557 503 1585 a
531 1544 809 1598 Lycophrone,
840 1545 940 1598 prol.
961 1545 1001 1584 in
1021 1544 1119 1598 Lyc.
1150 1557 1188 1597 p.
1211 1546 1291 1585 255
1313 1558 1370 1597 sq.
1398 1545 1440 1584 et
1469 1542 1609 1585 Cham.

187 1616 341 1658 Anecd.
372 1616 503 1659 Oxon.
535 1610 615 1658 ΠΙ.
648 1620 729 1659 388
759 1631 958 1671 nusquam
989 1618 1169 1658 traditur.

301 1688 384 1730 Sed
413 1691 522 1730 veris
551 1691 613 1730 illi
641 1690 745 1730 falsa
773 1691 1082 1731 admiscuerunt.
1141 1689 1248 1729 Nam
1276 1702 1418 1730 verum
1449 1693 1511 1730 est
1540 1691 1609 1730 ha-

186 1761 374 1813 bendum,
419 1763 527 1815 quod
567 1763 705 1803 dicunt
744 1763 909 1803 chorum
944 1762 1165 1815 satyricum
1203 1775 1227 1802 a
1257 1763 1406 1815 tragico
1442 1776 1608 1805 numero

186 1847 265 1875 non
296 1834 468 1886 differre,
509 1836 698 1889 idemque
726 1835 854 1876 Bodio
885 1836 1045 1875 videtur
1074 1836 1181 1876 Hist.
1213 1836 1323 1888 poesi
1352 1834 1423 1876 Gr.
1454 1836 1536 1877 ΙΙΙ.
1571 1840 1606 1887 1,

185 1919 223 1959 p.
256 1909 349 1958 189,
379 1920 622 1961 quamquam
651 1908 916 1963 Bernhardyo
946 1908 1042 1948 Litt.
1063 1906 1133 1949 Gr.
1154 1908 1211 1948 II.
1243 1910 1281 1960 2,
1312 1922 1349 1962 p.
1373 1909 1425 1949 95
1450 1907 1608 1949 Tzetzis

185 1980 386 2020 adnotatio
415 1984 461 2021 ut
480 1982 632 2021 nullius
653 1982 845 2021 momenti
867 1982 1075 2021 abicienda
1093 1982 1272 2030 videtur3
1304 1982 1451 2021 falsum
1472 1983 1618 2021 autemv

183 2064 348 2105 prorsus
392 2055 455 2094 est
497 2054 604 2106 quod
646 2054 698 2094 de
741 2054 827 2107 ipso
871 2067 1036 2095 numero
1080 2054 1244 2095 addunt.
1303 2054 1441 2107 Atque
1474 2053 1605 2096 Oram.

183 2123 233 2163 A.
255 2123 301 2164 O.
322 2126 348 2165 1.
371 2126 396 2165 l.
418 2139 605 2176 errorem,
637 2140 714 2179 quo
745 2140 799 2166 ex
828 2127 1004 2166 sedecim
1034 2128 1215 2180 personis
1246 2129 1429 2168 constare
1459 2127 1605 2167 chorus

183 2198 360 2250 tragicus
390 2198 671 2252 satyricusque
698 2199 896 2250 dicuntur,
925 2199 1005 2239 iam
1036 2197 1083 2240 O.
1105 2200 1329 2240 Muellerus
1349 2199 1455 2240 Mus.
1471 2198 1604 2239 Rhen.

181 2255 233 2312 'V.
264 2284 302 2324 p.
324 2274 406 2312 330
435 2273 628 2330 refutavit
662 2273 783 2325 atque
814 2273 1035 2326 explicavit
1068 2274 1257 2326 idemque
1287 2274 1408 2325 atque
1440 2270 1604 2312 Schnei-

183 2343 303 2382 derus
332 2356 370 2395 p.
394 2346 473 2384 118
505 2340 661 2384 Tzetzis
692 2358 850 2397 quoque
881 2346 1082 2386 adnotatio
1112 2336 1309 2398 quomodo
1344 2345 1605 2398 probabiliter

183 2415 434 2456 emendanda
444 2417 565 2467 esset,
581 2416 813 2459 docuerunt.
835 2416 940 2458 Nam
954 2431 1026 2471 pro
1039 2416 1107 2458 IA
1117 2418 1335 2471 legendum
1346 2420 1514 2458 censent
1526 2417 1602 2460 ΙΔ.

294 2488 374 2528 Hic
411 2490 546 2528 autem
586 2501 776 2528 numerus
815 2491 1013 2541 quomodo
1054 2491 1318 2543 explicandus
1363 2491 1427 2541 sit,
1466 2492 1604 2531 monet

183 2558 405 2602 Schneider
424 2562 449 2602 1.
470 2562 497 2603 1.
545 2560 609 2603 Ne
629 2561 836 2603 Wieseler
865 2562 1027 2614 quidem
1058 2577 1095 2616 p.
1117 2565 1196 2604 592
1230 2576 1289 2616 sq.
1347 2562 1503 2603 Tzetzis
1533 2564 1602 2604 ad-

182 2634 425 2674 notationem
461 2634 615 2688 probat,
658 2647 900 2687 quamquam
937 2647 986 2675 ea
1023 2635 1174 2676 firmari
1203 2636 1365 2676 videtur
1403 2636 1490 2689 ipso
1530 2637 1600 2676 illo

180 2718 291 2757 vase,
336 2709 447 2748 cuius
482 2708 524 2748 in
557 2708 715 2761 pictura
749 2709 893 2752 chorus
923 2709 1087 2749 videtur
1120 2722 1174 2749 ex
1206 2712 1255 2750 11
1291 2711 1478 2750 constare
1511 2723 1600 2763 per-
