1878 3092
217 131 284 179 24

213 278 386 318 arsque.
403 265 597 319 perfecta,
643 265 779 318 aliquo
819 265 979 305 vinculo
1023 278 1114 305 cum
1158 265 1377 317 tragoediis
1417 265 1643 318 progressis
1677 321 1682 326 .

213 337 408 377 contineri
439 338 628 393 uvoluerit.
687 337 894 377 Vocantur
933 338 1068 377 autem
1108 337 1308 391 satyricae
1346 338 1423 377 hae
1461 337 1640 378 fabulae:

212 405 415 466 Κερκύων
458 409 670 463 (Hesych.)
712 405 906 466 Κήρυκες
950 409 1067 453 (Poll.
1098 409 1152 449 X.
1183 412 1248 460 68,
1282 408 1336 450 Χ.
1368 411 1467 458 186;
1511 408 1650 458 Phot.)

211 483 353 540 Κίρκη
375 483 602 537 (Hesych.),
633 483 847 537 Lycurgus
868 483 1005 533 (schol.
1028 483 1189 524 Thesm.
1213 485 1320 533 135),
1341 482 1466 525 Λέων
1485 480 1642 535 (Steph.
1689 519 1692 522 .

213 556 341 611 Byz.)‚
362 552 639 613 Προμηθεὺς
658 556 868 614 πυρκαεὺς
888 557 1049 608 (didasc.
1070 556 1179 597 Pers.
1201 557 1250 598 cf.
1269 557 1317 596 fr.
1339 558 1449 607 202),
1472 555 1642 597 Proteus

211 631 324 683 (Arg.
356 630 527 683 Agam.),
560 630 720 684 Sphinx
751 632 914 680 (didasc.
946 631 1059 684 Lept.
1092 632 1183 673 adv.
1214 631 1368 682 Theb.).
1426 630 1643 672 Praeterea

212 703 432 744 nonnullae
471 703 634 743 fabulae
674 704 837 744 fuerunt
876 705 1089 758 satyricae,
1134 705 1331 757 quantum
1367 703 1552 756 intellegi
1588 716 1641 743 ex

210 778 439 818 nominibus
469 777 869 830 fragmentorumque
889 780 1033 817 natura
1061 780 1206 830 potest.
1257 777 1392 829 Atque
1413 776 1643 830 Amymona

213 850 431 903 satyricam
462 850 587 889 fuisse
606 849 766 890 Welck.
787 863 826 902 p.
844 852 924 890 286
946 850 1226 889 verisillimum
1255 862 1346 889 esse
1372 849 1479 898 dicit,
1509 861 1642 900 neque

212 922 379 962 dubium
420 935 510 962 esse
557 922 593 961 ei
636 923 771 975 potest
809 922 876 974 qui
914 922 1055 974 fragm.
1091 925 1152 962 13.
1184 920 1234 962 N.
1275 927 1365 961 cu'm
1395 921 1454 961 eis
1484 933 1641 975 compa-

212 995 374 1043 raverit,
419 1006 523 1045 quae
562 994 613 1032 de
644 993 872 1046 Amymone
912 1006 1004 1032 cum
1041 994 1109 1033 alii
1148 996 1235 1032 tum
1273 993 1465 1046 Hyginus
1501 995 1528 1034 f.
1560 997 1639 1035 169
1693 1001 1701 1004 ”

211 1067 475 1107 tradiderunt.
531 1062 742 1122 Ἀργείους
786 1066 854 1119 qui
897 1066 1078 1107 fabulam
1123 1066 1341 1120 satyricam
1384 1079 1475 1106 esse
1514 1066 1643 1106 voluit

211 1139 461 1180 Boeckhium
498 1140 631 1191 (Fi-ag.
665 1140 727 1180 Pr.
764 1153 801 1192 p.
824 1142 892 1187 30)
935 1140 1014 1179 iam
1046 1140 1293 1180 Welckerus
1324 1139 1435 1190 (Tril.
1473 1153 1511 1193 p.
1542 1141 1641 1190 377)

211 1217 253 1254 et
278 1211 380 1254 God.
402 1212 661 1253 Hermannus
692 1215 767 1266 (op.
791 1213 889 1254 VII.
912 1214 1010 1263 201)
1040 1214 1344 1267 redarguerunt.
1406 1212 1489 1254 Sed
1518 1210 1641 1254 Glau-

211 1299 301 1325 cum
331 1287 530 1325 marinum
562 1287 719 1325 etiamsi
751 1286 913 1326 Welek.
946 1286 1041 1326 Tril.
1072 1300 1109 1339 p.
1133 1290 1211 1326 471
1244 1288 1333 1325 volt
1363 1300 1453 1326 esse
1485 1289 1640 1338 tragoe-

211 1360 329 1408 diam,
361 1360 621 1398 nihilominus
652 1360 871 1411 satyricam
900 1360 1028 1398 fuisse
1058 1363 1232 1410 arguunt
1261 1360 1499 1411 fragmenta,
1534 1359 1641 1411 quod

209 1431 289 1471 iam
321 1431 472 1471 dudum
503 1432 796 1471 demonstravit
827 1431 1086 1471 Hermannus
1118 1444 1252 1484 opusc.
1274 1431 1330 1471 Π.
1354 1445 1389 1484 p.
1413 1434 1476 1472 66.
1537 1429 1640 1471 Con-

208 1503 292 1542 ficit
327 1506 461 1542 autem
497 1516 584 1542 rem
621 1504 745 1542 schol.
778 1503 918 1543 Thecr.
960 1503 1032 1543 IV.
1071 1507 1135 1552 62,
1179 1504 1247 1542 ubi
1286 1505 1478 1555 leguntur
1516 1503 1636 1542 haec:

211 1570 310 1623 τοὺς
349 1571 561 1633 σατύρους
599 1573 798 1632 ἀκρατεῖς
837 1577 877 1617 οἱ
915 1576 1105 1624 πλείονες
1145 1577 1293 1633 φασίν,
1338 1573 1393 1624 ὡς
1431 1574 1503 1617 καὶ
1541 1569 1641 1623 τοὺς

208 1643 449 1699 Σειληνοὺς
484 1649 554 1689 καὶ
588 1649 758 1698 Πᾶνας,
802 1646 857 1697 ὡς
885 1645 1100 1703 Αισχύλος
1133 1649 1213 1702 μὲν
1243 1653 1288 1691 ὲν
1316 1645 1508 1702 Ελαύκῳ,
1539 1647 1637 1689 Σο-

210 1721 372 1778 φοκλῆς
406 1720 450 1762 δὲ
482 1724 527 1763 ὲν
555 1721 827 1778 Ανδρομὲδᾳ.
886 1721 978 1767 Qua
1018 1727 1152 1762 autem
1187 1723 1226 1762 in
1266 1723 1474 1775 tragoedia
1510 1721 1641 1775 potuit

209 1797 440 1847 satyrorum
484 1795 784 1847 silenorumque
828 1796 1118 1835 incontinentia
1157 1796 1355 1835 describi?
1414 1795 1508 1835 Jam
1540 1807 1639 1834 vero

208 1880 298 1907 cum
319 1867 515 1916 Γλαῦκος
540 1863 737 1916 ποτυιεὺς
766 1868 975 1920 tragoedia
994 1868 1126 1919 fuerit,
1157 1869 1349 1921 sequitur,
1381 1870 1426 1909 ut
1444 1868 1639 1916 Γλαῦκος

207 1937 384 1987 πόντιος
423 1952 447 1979 a
479 1940 698 1979 scholiasta
741 1941 972 1979 intellectus
1017 1941 1069 1979 sit
1113 1953 1240 1992 eaque
1284 1942 1421 1981 fabula
1464 1941 1639 1994 satyrica

203 2013 393 2053 videatur
422 2012 560 2054 fuisse.
1235 2001 1239 2005 ’
1558 2005 1566 2009 ’

322 2082 514 2143 Θεωροὺς
534 2099 631 2126 vero
661 2087 838 2126 fabulam
867 2087 1115 2138 tragoediam
1136 2087 1259 2127 fuisse
1282 2088 1459 2127 ostendit
1476 2086 1638 2128 Welck.

204 2173 242 2213 p.
277 2163 350 2200 131
390 2172 449 2212 sq.
510 2159 728 2199 Praeterea
763 2171 841 2198 non
881 2171 1044 2212 prorsus
1074 2159 1217 2200 idonea
1253 2172 1374 2200 causa
1411 2158 1638 2200 Schoellius

204 2232 368 2282 (Tetral.
400 2233 432 2271 Ι.
466 2246 503 2284 p.
527 2234 567 2279 8)
604 2233 783 2272 fabulam
820 2245 923 2283 quae
960 2232 1104 2271 dicitur
1131 2229 1372 2283 Καλλιστὼ,
1420 2234 1637 2286 satyricam
1695 2235 1701 2240 ’

205 2305 332 2346 fuisse
380 2306 619 2359 suspicatur,
678 2318 768 2346 cum
818 2307 1112 2358 argumentum,
1162 2307 1267 2360 quod
1317 2306 1637 2348 Erathosthenes

206 2378 357 2421 Catast.
382 2379 415 2419 I.
446 2380 570 2419 tradit
601 2380 758 2419 etiamsi
788 2380 829 2418 in
860 2379 932 2418 illa
961 2379 1098 2418 fabula
1129 2382 1341 2420 tractatum
1372 2394 1462 2420 esse
1494 2381 1637 2434 potuit,
1705 2386 1709 2388 “

206 2465 285 2491 non
317 2456 435 2504 cogat
465 2452 515 2491 de
546 2452 683 2491 fabula
714 2451 892 2505 satyrica
922 2451 1108 2503 cogitare.
1164 2450 1284 2492 Certe
1314 2453 1355 2492 in
1384 2453 1516 2493 medio
1538 2454 1638 2493 haec

204 2526 343 2565 fabula
366 2526 530 2564 videtur
560 2526 836 2578 relinquenda.
897 2525 1042 2577 Neque
1073 2524 1237 2578 Europa
1268 2527 1354 2566 sine
1385 2526 1510 2567 Cares
1540 2540 1636 2566 num

205 2599 384 2652 satyrica
428 2599 561 2647 fuerit,
608 2611 678 2650 pro
724 2601 833 2638 certo
879 2598 1070 2638 affirmari
1115 2601 1277 2651 propter
1320 2600 1636 2651 fragmentorum

203 2671 449 2725 paucitatem
485 2674 630 2724 potest,
693 2670 874 2711 Fuerunt
909 2670 978 2723 qui
1010 2665 1287 2723 Ὀστολόγους
1326 2672 1542 2725 satyricam
1579 2673 1635 2713 fa-
