1878 3092
1575 166 1636 213 17

215 289 359 358 poetae
394 304 436 344 in
471 300 749 344 saltationibus
784 296 835 343 τὸ
871 297 1034 355 εὐγενὲς
1069 301 1140 343 καὶ
1169 299 1378 358 ἀνδρῶδες
1407 302 1638 341 servavisse

217 376 415 426 dicuntur,
446 378 487 416 et
516 376 639 429 epigr.
671 375 915 415 Dioscoridis
945 375 1051 427 quod
1081 377 1196 415 extat
1224 375 1264 415 in
1296 374 1418 415 Anth.
1440 373 1635 414 Pal.V[I.

217 452 311 499 707,
355 449 424 488 ubi
455 446 665 488 Sositheus
703 449 847 488 dicitur
882 448 992 487 chori
1026 461 1145 488 usum
1175 449 1306 500 qualis
1336 448 1444 499 apud
1474 450 1636 486 veteres

213 522 355 574 poetas
384 520 611 560 fabularum
640 521 905 573 satyricarum
924 520 1058 569 fuerit,
1088 520 1336 560 instaurasse
1364 523 1417 570 (v.
1439 520 1635 573 imprimis

213 606 252 632 v.
275 595 299 633 7
320 595 362 632 et
381 595 423 633 8:
465 592 536 632 καὶ
565 588 696 633 πάλιν
726 588 970 648 εἰσώρμησα
1000 587 1077 633 τὸν
1107 587 1267 647 ἄρσενα
1296 591 1450 647 Δωρίδι
1479 589 1637 650 Μούσῃ

212 660 406 723 ῥυθμὸν,
427 660 535 722 πρός
555 662 585 706 τ’
610 659 746 715 αὐδὴν
766 660 991 718 ἑλκόμενος
1010 660 1203 719 μεγάλην
1221 666 1291 706 ubi
1311 660 1536 718 ἑλκόμενος
1551 678 1634 705 vox

214 739 391 778 maxime
410 737 587 778 notanda
606 739 680 788 est,
712 738 775 777 cui
795 750 875 777 non
895 739 1029 777 obstat
1049 733 1292 794 εὶσώρμησα
1313 750 1350 776 v.
1367 736 1537 778 Wiesel.
1553 739 1577 777 l.
1592 739 1635 786 l.)

213 811 344 864 priore
383 812 565 864 tempore
603 823 683 850 non
722 811 850 851 videri
891 811 1144 852 saltationem
1187 810 1300 851 illam
1344 812 1425 850 tam
1472 811 1634 851 citatam

211 881 436 935 affectuque
457 885 661 922 carentem
682 884 895 924 contendit.
941 884 1078 936 Atque
1098 884 1191 923 huic
1211 883 1385 936 opinioni
1411 883 1452 922 id
1473 883 1634 923 videtur

210 955 362 1005 favere,
393 955 499 1007 quod
520 955 753 1008 Hesychius
774 970 812 997 v,
834 956 1033 1009 ἐμμέλεια
1062 957 1112 996 ab
1139 956 1346 1008 Aeschylo
1377 955 1631 995 saltationem

210 1027 428 1082 satyricam
456 1029 524 1068 vel
554 1028 775 1082 ὲμμέλειας
803 1029 963 1069 nomine
993 1028 1089 1069 dicit
1119 1028 1363 1082 appellatam
1394 1040 1495 1067 esse.
1549 1025 1631 1068 Sed

210 1101 441 1153 corruptum
468 1101 601 1139 locum
630 1103 738 1154 puto.
787 1101 931 1153 Neque
960 1103 1095 1140 tamen
1116 1101 1281 1149 dubium
1304 1113 1358 1139 ex
1390 1100 1460 1139 illo
1482 1101 1631 1153 hypor-

210 1173 393 1214 chemate
423 1186 513 1214 esse
542 1175 687 1227 potest,
730 1174 825 1227 quin
856 1174 1042 1215 Pratinae
1078 1175 1382 1225 ceterorumque
1418 1174 1628 1226 poetarum

209 1247 374 1298 propter
400 1245 558 1285 fabulas
580 1247 776 1300 satyricas
797 1247 1090 1287 celebratorum
1120 1248 1254 1286 aetate
1282 1258 1362 1285 non
1396 1248 1478 1285 tam
1508 1247 1631 1286 citata

210 1321 251 1359 et
289 1319 403 1372 quasi
442 1319 602 1359 enervis
641 1319 712 1359 illa
745 1322 791 1360 ut
825 1322 967 1373 postea
1000 1321 1132 1370 fuerit,
1178 1322 1392 1373 postquam
1421 1321 1630 1361 harmonia

209 1403 367 1444 quoque
403 1391 537 1430 dorica
576 1392 738 1431 deserta
776 1393 937 1432 invecta
977 1394 1039 1432 est
1076 1393 1209 1432 mollis
1247 1381 1319 1431 illa
1357 1393 1480 1444 lydia,
1525 1405 1629 1444 quae

207 1463 434 1516 Euripides,
465 1466 573 1504 certe
591 1464 816 1516 Agathonis
838 1466 970 1506 aetate
989 1465 1151 1506 videtur
1170 1466 1296 1505 inlata
1323 1465 1405 1513 (cfr.
1423 1464 1629 1505 Wieseler

206 1549 246 1589 p.
268 1537 374 1585 622).
425 1536 569 1588 Itaque
589 1536 715 1576 verba
734 1535 947 1587 Athenaei,
979 1549 1081 1589 quae·
1102 1548 1224 1590 supra
1244 1536 1374 1586 attuli,
1406 1537 1457 1577 ad
1478 1549 1627 1577 novum

207 1609 309 1649 illud
349 1622 478 1660 genus
518 1609 743 1649 saltationis
779 1610 969 1649 videntur
1008 1610 1221 1662 pertinere.
1281 1609 1415 1660 Atque
1444 1610 1556 1649 initio
1587 1613 1629 1650 et

207 1681 313 1734 apud
342 1680 495 1733 priores
526 1680 698 1732 tragicos
731 1682 872 1733 poetas
903 1680 1061 1721 saltatio
1096 1680 1168 1720 illa
1203 1680 1244 1719 ni
1274 1680 1393 1720 fallor
1427 1681 1506 1720 iam
1538 1693 1627 1720 eam

206 1753 257 1792 ob
286 1765 447 1792 causam
477 1753 609 1791 minus
639 1753 782 1791 celeris
815 1754 901 1801 fuit,
944 1754 1051 1804 quod
1081 1755 1212 1793 eidem
1244 1757 1329 1793 tum
1360 1756 1401 1792 et
1429 1754 1628 1792 canebant

206 1827 247 1865 et
277 1824 491 1875 saltabant,
531 1824 637 1877 quod
668 1824 843 1877 alioquin
873 1824 1004 1863 facere
1035 1837 1114 1864 non
1149 1827 1347 1879 poterant,
1393 1838 1429 1865 v.
1462 1824 1625 1866 Lucian.

206 1890 256 1938 de
291 1899 381 1937 salt.
419 1901 490 1944 30;
541 1896 724 1949 Geppert
758 1910 795 1949 p.
828 1900 908 1938 253
949 1898 1095 1949 (Altgr.
1126 1897 1201 1948 R).
1263 1899 1454 1938 Veterem
1491 1900 1626 1938 autem

203 1970 315 2012 illam
351 1969 548 2029 rationem
584 1983 672 2010 eam
709 1983 800 2011 esse
837 1984 939 2024 quae
975 1964 1067 2028 ἱερὰ
1102 1970 1168 2011 vel
1200 1966 1388 2028 ἱερατικὴ
1423 1971 1628 2026 appellata

204 2044 269 2094 sit,
297 2043 559 2096 probabiliter
588 2045 724 2082 monet
755 2043 924 2084 Wiesel.
955 2056 993 2095 p.
1017 2046 1109 2084 626.

314 2116 377 2156 De
407 2116 562 2156 scaenis
593 2116 819 2155 fabularum
849 2117 1116 2169 satyricarum
1147 2117 1324 2168 loquitur
1354 2116 1514 2157 Vitruxr.
1537 2117 1561 2156 l.
1576 2116 1625 2156 V.

204 2191 241 2239 8,
274 2191 317 2228 1:
359 2201 536 2240 „genera
556 2190 691 2228 autem
713 2189 808 2227 sunt
828 2199 1062 2227 scaenarum
1084 2188 1170 2237 tria,
1193 2201 1330 2238 unum,
1352 2188 1459 2240 quod
1482 2188 1627 2227 dicitur

113 2274 123 2281 ·
201 2261 411 2312 tragicum,
433 2261 604 2300 alterum
624 2261 830 2310 comicum,
852 2261 1015 2300 tertium
1036 2261 1266 2314 satyricum.
1308 2260 1465 2300 Horum
1487 2264 1623 2299 autem

203 2335 366 2373 ornatus
395 2334 492 2372 sunt
519 2333 625 2372 inter
654 2345 698 2371 se
724 2332 908 2372 dissimili
928 2333 1157 2385 disparique
1178 2333 1344 2382 ratione,
1377 2333 1483 2385 quod
1513 2334 1625 2386 saty-

201 2406 307 2446 ricae
323 2407 449 2455 (vero)
465 2407 656 2445 ornantur
671 2405 891 2455 arboribus,
910 2393 1126 2459 spelunciS,
1143 2406 1357 2455 montibus,
1375 2406 1625 2458 reliquisque

192 2477 428 2529 ⁴agrestibus
448 2476 568 2516 rebus
589 2478 630 2516 in
650 2476 851 2538 ζοποειδῆ
870 2478 1046 2529 speciem
1068 2478 1340 2517 deformatis“.
1391 2477 1525 2529 Atque
1547 2479 1623 2517 hoc

200 2550 241 2590 in
271 2549 474 2589 nonnullis
497 2561 658 2602 quoque
687 2549 833 2589 fabulis
863 2550 942 2589 iam
973 2562 1080 2589 nunc
1100 2550 1239 2589 videre
1269 2550 1374 2600 licet,
1406 2553 1450 2590 ut
1478 2550 1519 2590 in
1542 2548 1623 2603 Cy-

200 2623 314 2674 clope
335 2621 473 2673 Eurip.
504 2623 558 2671 (v.
578 2635 617 2662 v.
640 2625 710 2662 20:
741 2621 923 2663 Αὶτνεία
948 2624 1085 2677 πέτρα
1114 2635 1240 2674 prope
1270 2624 1413 2661 adesse
1443 2622 1620 2673 fingitur,

199 2708 238 2735 v.
269 2697 335 2745 83,
367 2697 419 2737 87
451 2690 590 2751 ἄντρα
619 2695 790 2746 comm).
819 2718 875 2723 —

1395 2759 1418 2794 2

776 2794 1043 2801 ——d
