1878 3092
232 183 260 228 6

230 319 306 358 hoc
345 331 450 358 novo
487 331 639 370 genere
675 319 829 359 mutata
868 320 910 359 et
945 321 1129 372 expolita
1166 333 1267 370 esse,
1309 321 1391 359 tum
1422 332 1501 369 res,
1540 322 1661 372 prout

230 392 273 431 in
303 391 512 443 tragoedia
530 391 666 440 fiebat,
697 391 938 444 agebantur;
969 393 1228 445 maximeque
1258 406 1304 433 eo
1325 392 1466 432 fabula
1485 392 1661 446 satyrica

231 476 255 502 a
285 463 543 516 dithyrambo
574 462 797 513 differebat,
843 465 950 515 quod
986 465 1027 504 in
1067 479 1114 505 ea
1148 477 1343 518 personae
1372 465 1561 516 tragicae,
1608 465 1660 514 di,

232 536 387 585 heroes,
419 548 538 587 reges
568 535 609 575 in
639 548 827 576 scaenam
857 535 1154 578 inducebantur
1180 538 1410 592 satyrisque
1431 535 1660 589 agrestibus

232 609 548 662 opponebantur.

347 681 385 720 A
425 682 635 734 tragoedia
670 695 832 734 quoque
869 683 968 722 satis
1006 684 1168 723 diversa
1203 684 1280 723 fuit
1315 684 1452 723 fabula
1485 683 1677 737 satyrica.

233 769 270 795 v.
303 754 502 795 W'elcker
528 768 574 807 -p.
607 757 700 795 331.
761 753 1002 797 Eustathius
1032 757 1195 808 quidem
1231 757 1282 796 ad.
1316 756 1366 797 Il.
1401 769 1440 808 p.
1473 757 1581 796 1850
1610 755 1659 796 R.

233 827 406 866 mediam
438 826 535 865 dicit
564 839 655 866 esse
688 827 828 878 poesin
860 828 1077 880 satyricam
1113 829 1219 867 inter
1249 828 1496 880 tragoediam
1527 830 1568 867 et
1597 839 1660 867 co-

234 898 431 939 moediam
464 912 640 951 eumque
672 911 762 938 cum
794 898 873 949 alii,
915 901 998 939 tum
1031 898 1295 941 Casaubonus
1325 900 1507 953 sequitur
1534 912 1572 953 p.
1595 902 1659 941 90.

236 970 318 1011 Sed
367 972 423 1010 ita
471 971 696 1011 cavendum
747 974 808 1010 est
858 984 909 1010 ne
957 972 1029 1011 illa
1073 973 1198 1012 verba
1245 973 1567 1025 interpretemur,
1617 974 1662 1011 ut

234 1046 347 1085 illam
393 1059 446 1085 ex
491 1045 649 1084 duobus
693 1045 757 1084 his
796 1045 1014 1097 generibus
1054 1047 1165 1086 nullo
1208 1046 1373 1086 consilio
1412 1046 1581 1085 mixtam
1622 1046 1663 1085 et
1704 1064 1707 1067 *

236 1118 497 1171 compositam
528 1131 619 1158 esse
649 1120 850 1170 putemus.
897 1117 1096 1158 Welcker
1118 1120 1142 1159 l.
1163 1119 1189 1159 1.
1211 1132 1247 1171 p.
1270 1122 1348 1160 331
1374 1118 1490 1158 unice
1519 1118 1663 1170 probat

235 1191 431 1230 Demetrii
463 1191 659 1230 rationem
690 1192 755 1240 (de
787 1191 885 1232 eloc.
919 1192 1027 1241 169),
1064 1204 1142 1243 qua
1171 1192 1205 1231 is
1237 1192 1452 1245 satyricam
1483 1191 1662 1230 fabulam

235 1263 417 1304 nominat
437 1263 680 1304 παίσουσαν
701 1262 958 1318 τραγῳδίαν.
1003 1263 1139 1315 Atque
1168 1266 1277 1303 recte
1308 1264 1412 1303 dixit
1428 1263 1661 1303 ‘Demetrius
1708 1249 1711 1251 ’

234 1338 275 1376 in
308 1337 555 1377 universum.
616 1335 721 1376 Nam
761 1337 1026 1388 plurimarum
1056 1336 1250 1376 eiusmodi
1280 1336 1505 1377 fabularum
1547 1349 1662 1388 argu-

236 1411 384 1459 menta,
416 1410 449 1448 si
471 1412 632 1462 satyros
653 1409 797 1448 abesse
817 1408 950 1460 fingis,
973 1409 1022 1448 ad
1045 1409 1292 1460 tragoediam
1312 1421 1437 1462 prope
1457 1409 1662 1449 accedunt.

236 1482 382 1535 Neque
413 1482 519 1521 enini
556 1494 753 1534 personae
790 1484 948 1521 ceterae
984 1494 1086 1533 quae
1119 1481 1424 1532 inducebantur,
1470 1482 1662 1533 tragicam

236 1556 476 1607 dignitatem
506 1567 673 1606 prorsus
695 1555 911 1604 exuebant,
943 1555 1050 1605 quod
1079 1554 1148 1593 vel
1178 1567 1231 1593 ex
1253 1553 1411 1593 Horatii
1440 1555 1525 1593 loco
1551 1554 1598 1592 A.
1620 1554 1662 1593 P.

237 1642 274 1669 v.
307 1630 389 1668 220
420 1640 478 1679 sq.
515 1626 709 1680 imprimis
741 1629 821 1667 228
859 1639 915 1679 sq.
954 1625 1205 1678 intelligitur,
1253 1626 1319 1666 ubi
1359 1626 1400 1666 di
1440 1626 1663 1679 heroesque

238 1702 418 1740 veterem
457 1700 700 1752 gravitatem
740 1712 904 1738 servare
942 1699 1129 1739 dicuntur
1164 1712 1296 1751 neque
1335 1701 1468 1739 tamen
1501 1699 1664 1739 nimiam

239 1774 510 1822 severitatem,
541 1784 631 1811 cum
661 1772 847 1823 vulgaria
872 1771 1014 1822 vitent,
1046 1771 1259 1811 adfectare.
1311 1769 1393 1811 Sed
1423 1784 1512 1810 cum
1544 1770 1664 1810 adde-

238 1849 378 1886 rentur
408 1845 548 1898 satyri,
588 1846 709 1897 γένος
739 1841 976 1886 οὐτιδανῶν
1006 1839 1202 1900 σατύρων
1231 1843 1301 1885 καὶ
1333 1840 1666 1900 ἀμηχανοέργων

239 1919 303 1969 (cf.
334 1918 433 1958 Hor.
465 1919 490 1958 1.
522 1917 547 1957 1.
579 1931 616 1957 v.
649 1920 729 1957 233
761 1918 911 1970 satyris
941 1918 1168 1970 protervis),
1210 1917 1279 1969 qui
1308 1917 1543 1957 nesciebant
1572 1917 1666 1957 serii

240 2004 343 2041 esse,
383 1991 472 2030 fieri
509 2003 587 2030 non
622 1991 792 2042 poterat,
839 1990 936 2041 quin
972 1992 1056 2030 tota
1084 1990 1221 2030 fabula
1258 1989 1462 2029 hilaritate
1492 1990 1666 2043 quadam

238 2067 382 2104 natura
420 2066 460 2102 et
499 2062 676 2102 ineunda
712 2061 1033 2114 perfunderetur.
1092 2061 1198 2101 Nam
1227 2062 1298 2101 illa
1327 2062 1486 2113 astutia,
1523 2063 1595 2102 illa
1624 2063 1665 2103 in

238 2136 395 2190 agendo
427 2138 468 2175 et
495 2135 537 2175 in
569 2134 754 2175 omnibus
789 2134 909 2173 rebus
939 2134 1218 2184 inconstantia,
1258 2134 1328 2174 illa
1359 2134 1563 2185 timiditas,
1594 2136 1667 2176 illa

239 2212 375 2260 libido,
406 2209 538 2262 qualis
568 2209 610 2248 in
640 2208 790 2262 satyris
811 2208 1145 2261 conspiciebatur,
1180 2220 1319 2248 omnes
1348 2207 1425 2248 hae
1455 2222 1520 2249 res
1546 2222 1666 2262 quam

239 2284 417 2326 maxime
447 2281 716 2337 spectantium
751 2280 905 2322 animos
935 2280 1211 2330 delectabant;
1257 2280 1333 2321 hae
1369 2293 1434 2321 res
1472 2281 1665 2335 fecerunt,

238 2364 284 2398 ut
323 2371 346 2397 a
383 2356 592 2407 tragoedia
636 2356 773 2394 fabula
817 2355 993 2407 satyrica
1036 2367 1201 2406 prorsus
1246 2353 1405 2394 differre
1449 2356 1665 2398 videretur.

240 2431 388 2482 Itaque
429 2428 508 2469 alia
547 2440 711 2481 prorsus
750 2427 853 2467 ratio
893 2426 969 2467 fuit
1007 2427 1115 2467 chori
1155 2427 1319 2481 satyrici
1355 2430 1476 2481 atque
1514 2429 1666 2482 tragici.

240 2502 395 2542 Aberat
426 2502 475 2541 ab
505 2501 576 2541 illo
608 2500 737 2541 omnis
759 2500 1040 2551 misericordia,
1072 2501 1200 2540 omnis
1231 2501 1520 2541 sententiarum
1544 2502 1667 2543 subli-

240 2575 372 2624 mitas,
419 2574 548 2615 omnis
587 2573 686 2613 recti
720 2573 963 2626 venustique
1003 2586 1157 2614 sensus.
1222 2573 1314 2619 Qua
1357 2587 1401 2613 re
1445 2573 1579 2625 fiebat,
1625 2577 1669 2615 ut

242 2649 419 2701 tragicae
450 2660 610 2700 quoque
639 2659 849 2699 personae,
881 2659 983 2699 quae
1014 2647 1053 2686 in
1084 2658 1269 2686 scaenam
1299 2647 1667 2698 introducebantur,

242 2723 469 2776 satyrorum
514 2720 610 2760 iocis
657 2719 888 2772 lascivaque
933 2719 1156 2772 petulantia
1195 2719 1381 2760 commoti
1420 2720 1573 2773 aliquid
1617 2721 1667 2761 de
