1878 3092
208 222 272 269 32

206 358 423 413 satyricam
453 359 606 400 minore
636 359 677 399 in
706 359 857 400 honore
886 359 1014 400 fuisse
1042 358 1264 400 verisimile
1294 359 1358 399 est
1386 356 1557 412 eamque
1582 358 1632 399 ob

205 444 292 472 rem
322 432 443 472 etiam
473 433 668 485 paulatim
708 446 732 473 a
761 433 929 486 pristina
967 433 1102 473 indole
1132 433 1413 485 degenerasse.
1474 431 1632 474 Scimus

205 508 340 546 autem
371 519 425 546 ex
455 506 581 558 epigr.
612 505 853 546 Dioscoridis
884 506 932 547 A.
963 506 1006 547 P.
1036 505 1134 546 VII.
1168 509 1247 546 707
1279 506 1444 546 chorum
1472 506 1632 559 potissi-

204 591 315 619 mum
344 578 561 619 recessisse
582 591 606 619 a
625 580 764 619 vetere
796 579 1062 633 simplicitate.
1106 577 1250 632 Neque
1279 592 1375 619 vero
1406 577 1535 619 defuit
1562 578 1633 632 qui

204 653 416 705 pristinam
446 653 686 705 dignitatem
714 654 992 705 redintegrare
1032 653 1239 696 studeret..
1289 652 1462 692 Exstitit
1502 650 1631 692 Sosis-

204 725 336 775 theus,
372 724 606 766 notissimus
641 725 712 765 ille
748 738 802 765 ex
837 725 995 778 pleiade
1032 725 1104 766 illa
1132 725 1413 766 Alexandrina
1441 724 1630 778 tragicus,

204 798 255 838 de
285 811 363 850 quo
394 812 432 837 v.
465 798 575 839 Suid.
606 812 659 838 ex
690 799 884 850 Diogenis
916 800 998 839 loco
1029 796 1146 849 (VII.
1179 802 1258 839 173
1289 801 1457 851 apparet
1477 812 1568 839 eum
1588 798 1631 839 in

203 870 363 910 theatro
384 882 506 910 versu
527 870 700 923 quodam
729 871 771 910 in
793 869 1032 911 Cleanthem
1062 870 1269 910 invectum
1298 883 1407 918 csse;
1439 870 1547 910 unde
1568 882 1629 911 se·

203 943 351 999 quitur,
382 944 428 982 ut
457 944 526 983 aut
555 943 799 983 comoediam
831 955 992 995 quoque
1023 943 1229 996 scripserit
1257 945 1326 983 aut
1349 943 1538 1001 ‘fabulam
1568 954 1629 983 sa-

203 1015 375 1070 tyricam
410 1027 433 1055 a
471 1015 604 1069 priore
634 1028 744 1056 more
774 1015 951 1055 maxime
980 1015 1274 1057 abhorrentem.
1335 1015 1492 1056 Scimus
1522 1015 1628 1056 enim

202 1090 426 1141 posteriore
456 1090 588 1129 aetate
617 1090 775 1129 fabulas
797 1090 992 1142 satyricas
1014 1090 1183 1142 scriptas
1213 1103 1315 1140 esse,
1346 1090 1387 1130 in
1417 1090 1564 1142 quibus
1584 1092 1630 1129 ut

200 1163 241 1202 in
274 1162 480 1203 comoedia
510 1162 671 1215 quidam
702 1162 884 1203 homines
921 1160 1252 1212 infidebanturfi)
1311 1161 1456 1215 Neque
1494 1162 1629 1203 obstat

201 1234 447 1274 Dioscoridis
468 1235 754 1285 testimonium,
776 1236 847 1287 qui
868 1236 893 1275 1.
910 1236 935 1275 l.
950 1248 988 1275 v.
1005 1237 1029 1275 5
1048 1237 1088 1274 et
1109 1238 1132 1274 6
1154 1248 1212 1288 sq.
1235 1235 1330 1275 dicit
1350 1247 1374 1274 a
1392 1247 1495 1275 novo
1517 1247 1628 1275 more

200 1308 418 1347 recessisse
449 1309 490 1347 et
519 1307 566 1347 ad
599 1309 781 1349 veterem
810 1308 975 1357 redisse,
1007 1321 1101 1348 nam
1131 1321 1234 1361 quae
1264 1308 1317 1348 ibi
1348 1308 1544 1358 dicuntur,
1575 1307 1628 1348 ad

200 1379 364 1419 chorum
401 1382 559 1421 tantum
589 1381 757 1433 eiusque
786 1384 946 1421 cantum
976 1382 1311 1433 saltationemque
1341 1375 1556 1434 pertinent,
1585 1381 1627 1421 in

199 1453 346 1505 quibus
395 1454 567 1492 multum
616 1455 808 1493 novatum
858 1454 936 1493 iam
986 1454 1079 1493 inde
1123 1454 1173 1493 ab
1217 1453 1411 1506 Euripide
1453 1453 1625 1493 videtur.

199 1526 251 1573 (v.
299 1524 504 1565 Wieseler
552 1539 588 1578 p.
641 1527 749 1576 622).
833 1525 962 1565 Extat
1010 1527 1146 1565 autem
1191 1526 1463 1577 fragmentum
1506 1525 1624 1565 unius

197 1598 360 1638 fabulae
409 1599 611 1651 satyricae
656 1598 843 1649 Sosithei,
894 1598 1118 1652 Lityersae,
1169 1602 1374 1639 servatum
1424 1599 1525 1638 illud
1574 1598 1624 1638 ab

197 1668 412 1723 Anonymo
457 1671 565 1723 apud
602 1670 821 1712 Westerm.
861 1671 1047 1724 Mythog.
1089 1661 1159 1711 Gr.
1200 1684 1236 1724 p.
1276 1673 1370 1712 346.
1443 1670 1625 1710 Pertinet

197 1744 332 1782 autem
361 1742 499 1782 fabula
529 1743 580 1782 ad
607 1744 648 1782 id
678 1757 819 1795 genus,
855 1757 932 1795 quo
964 1744 1146 1783 homines
1175 1743 1389 1795 perniciosi
1418 1745 1623 1783 necantur.

311 1812 506 1866 Sequitur
526 1814 778 1868 Lycophron,
811 1816 861 1855 de
891 1828 969 1867 quo
990 1828 1028 1855 v.
1050 1814 1182 1855 Frieb.
1213 1829 1249 1868 p.
1273 1817 1326 1855 98
1356 1828 1427 1867 sq„
1459 1815 1622 1857 Welck.

195 1899 233 1939 p.
257 1889 364 1927 1256
396 1900 455 1939 sq.
486 1890 819 1927 commemoratur
848 1888 1025 1941 satyrica
1055 1888 1139 1927 eius
1178 1888 1318 1928 fabula
1345 1888 1622 1928 Menedemus

196 1957 274 1998 Est
299 1962 435 2005 autem
465 1973 513 1999 ea
543 1961 698 2000 duabus
720 1961 769 2000 de
791 1961 923 2000 causis
953 1961 1236 2010 memorabilis,
1269 1962 1352 2000 tum
1375 1962 1471 2012 quia
1490 1961 1623 2001 aliena

195 2034 259 2072 est
302 2045 326 2072 a
369 2032 537 2086 pristina
578 2033 714 2073 indole
758 2034 920 2073 fabulae
965 2034 1179 2087 satyricae,
1224 2045 1314 2073 cum
1358 2033 1622 2086 philosophus

195 2105 357 2157 quidam
388 2108 433 2145 ut
461 2106 507 2146 fit
535 2107 575 2147 in
607 2107 823 2158 comoedia,
853 2107 1086 2157 inrideatur,
1116 2109 1202 2146 tum
1223 2107 1330 2159 quod
1350 2109 1545 2159 quantum
1568 2120 1621 2146 ex

194 2177 332 2229 paucis
362 2178 543 2231 reliquiis
582 2179 762 2219 conicere
799 2179 905 2230 licet,
947 2192 1078 2219 sermo
1110 2180 1194 2219 eius
1232 2180 1360 2232 magis
1391 2191 1512 2232 quam
1549 2191 1620 2233 pro

192 2250 265 2290 illa
294 2252 428 2291 aetate
458 2252 663 2303 expolitus
694 2254 757 2291 est
787 2252 850 2298 (scs.
883 2252 1045 2291 Friebel
1075 2266 1111 2304 p.
1137 2253 1243 2302 103).

307 2322 506 2363 Fabulam
566 2323 796 2377 satyricam,
857 2336 960 2375 quae
1018 2324 1247 2364 inscribitur
1283 2318 1430 2377 ’Ἀγην,
1490 2324 1624 2365 actam⁴

193 2396 307 2434 illam
336 2395 378 2434 in
411 2395 553 2434 castris
575 2394 802 2435 Alexandri
831 2408 955 2447 prope
976 2395 1191 2448 Hydaspin
1221 2381 1370 2436 flumen
1398 2396 1468 2448 qui
1497 2396 1620 2448 scrip-

194 2466 303 2515 serit,
325 2467 434 2506 certo
456 2465 614 2505 definiri
633 2467 785 2518 nequit.
826 2466 930 2506 Nam
952 2466 1114 2520 Python
1135 2466 1361 2509 Catanaeus
1383 2480 1433 2507 an
1455 2467 1619 2521 Python

193 2537 417 2591 Byzantius
448 2550 500 2577 an
529 2539 596 2577 vel
627 2539 714 2590 ipse
744 2538 980 2578 Alexander
1009 2540 1289 2591 composuerit,
1325 2540 1366 2579 in
1397 2540 1528 2579 medio
1558 2552 1619 2578 re-

191 2610 339 2663 linquit
367 2608 516 2650 Athen.
547 2609 640 2650 XII
676 2622 714 2663 p.
743 2612 822 2652 595
841 2611 877 2652 d.
909 2623 967 2663 sq.
1027 2610 1357 2653 Traducebantur
1395 2613 1530 2652 autem
1571 2623 1619 2650 ea

305 2766 341 2807 *)
367 2765 544 2809 Wagner.
571 2764 716 2810 Fragm.
742 2765 811 2799 111.
837 2775 869 2808 p.
894 2765 946 2800 89.
