1878 3092
1547 154 1611 202 29

10 276 13 279 ¹
83 297 86 299 ·
133 334 137 338 ,
191 288 423 331 scuritatem
471 302 561 331 cum
606 288 809 343 elegantia
856 288 1108 330 coniunctam
1151 287 1359 329 Achaeum
1401 288 1614 343 posteriori

188 348 313 404 aetati
341 363 606 403 vehementer
634 363 845 415 probatum
876 375 966 402 esse
996 362 1222 403 contendat.

302 431 493 488 Sequitur
520 435 567 486 is,
598 434 709 475 cuius
749 446 880 488 neque
918 434 1071 474 multae
1101 434 1262 474 fabulae
1292 435 1493 488 satyricae
1522 435 1608 475 lau-

187 509 346 560 dantur,
390 521 523 559 neque
562 508 748 547 laudibus
791 507 1021 557 efferuntur,
1067 509 1223 548 etiamsi
1266 509 1305 548 in
1350 509 1490 560 primis
1532 509 1610 549 suit

143 569 147 572 ³
185 581 315 636 poetis
345 580 520 634 tragicis,
552 579 779 633 Euripides.
838 580 881 620 Is
911 593 1020 630 vero,
1051 572 1177 620 semel
1207 581 1327 630 certe,
1360 593 1384 620 a
1412 581 1608 621 tralaticio

184 654 256 694 illo
291 666 414 704 more,
458 666 536 705 quo
575 665 666 692 cum
704 654 831 693 tribus
872 654 1089 705 tragoediis
1124 667 1205 692 una
1240 654 1378 693 fabula
1411 655 1608 705 agebatur

185 725 373 780 satyrica,
405 738 533 780 eaque
561 725 643 767 illis
672 725 820 767 fabulis
840 725 1007 777 adiecta,
1037 726 1094 767 ita
1121 725 1298 778 recessit,
1329 727 1375 766 ut
1394 727 1462 767 vel
1487 726 1607 767 aliam

183 797 364 839 fabulam
403 798 603 852 satyricae
641 800 725 838 loco
766 799 1013 851 adiungeret.
1073 799 1139 849 (V.
1176 811 1328 854 argum.
1359 799 1608 850 Alcestidis.)

184 869 320 926 Atque
350 884 405 912 ex
433 871 508 912 hac
537 871 625 925 ipsa
653 884 697 912 re
727 871 862 924 colligi
896 873 1030 925 potest
1060 872 1275 925 satyricam
1304 872 1458 926 poesim
1490 871 1606 912 Euri-

141 938 143 940 ’
182 944 288 998 pidis
317 946 451 986 aetate
487 947 557 986 aut
584 946 766 986 veterem
798 945 975 984 indolem
1005 956 1133 998 paene
1163 946 1380 995 amississe‚
1420 948 1491 985 aut
1518 957 1605 985 coe-

182 1018 291 1070 pisse
334 1019 482 1059 civium
526 1031 695 1059 assensu
735 1020 776 1058 et
815 1018 1102 1071 approbatione
1142 1031 1289 1059 carere.
1356 1018 1607 1059 Adferuntur

149 1085 152 1086 ⁷
182 1091 316 1131 autem
355 1093 516 1145 praeter
554 1089 776 1145 Cyclopem
816 1090 1016 1144 satyricae
1056 1091 1140 1130 eius
1180 1091 1342 1131 fabulae
1381 1090 1477 1131 hae:
1523 1093 1606 1131 Au-

180 1163 353 1215 tolycus,
397 1162 565 1213 Busiris,
610 1163 879 1217 Eurystheus,
925 1161 1134 1212 Heracles‚
1185 1162 1399 1216 Sisyphus,
1452 1163 1603 1215 Sciron,

181 1232 332 1288 Syleus
362 1234 449 1275 sive
479 1234 680 1275 Messores
711 1235 785 1286 (sic
815 1234 1059 1276 Welckerus
1090 1235 1258 1288 exponit
1287 1249 1323 1289 p.
1346 1238 1444 1284 288;
1482 1236 1602 1289 Frag.

179 1304 249 1348 Gr.
278 1320 316 1361 p.
337 1309 456 1359 444);
502 1307 699 1348 Heracles
729 1309 866 1348 fabula
895 1308 1027 1357 dubia,
1073 1320 1161 1348 cum
1200 1309 1278 1348 alia
1308 1309 1409 1349 alius
1440 1310 1602 1349 fabulae

178 1380 307 1437 possit
335 1395 426 1421 esse
455 1381 672 1434 inscriptio,

290 1453 472 1499 Quarum
502 1454 741 1504 fabularum,
771 1456 816 1494 ut
837 1468 889 1494 ex
910 1454 1136 1494 nominibus
1167 1468 1317 1505 earum,
1351 1468 1455 1506 quae
1480 1468 1602 1508 supra

178 1527 309 1576 attuli,
325 1528 504 1580 apparet,
520 1527 715 1580 plurimae
726 1527 767 1567 in
779 1527 1042 1567 describendo
1058 1529 1326 1567 monstrorum
1339 1528 1601 1568 hominumve

178 1599 493 1653 periculosorum
522 1600 688 1640 interitu
716 1602 942 1640 versantur.

292 1671 484 1724 Sequitur
504 1673 595 1723 Jon,
616 1674 666 1712 de
687 1685 766 1725 quo
788 1685 879 1712 cum
896 1673 1142 1713 Welckerus
1163 1673 1280 1725 Frag.
1298 1671 1368 1713 Gr.
1389 1687 1426 1725 p.
1444 1677 1525 1715 938
1542 1686 1600 1726 sq.

176 1745 262 1784 tum
292 1743 607 1797 Nieberdingius
638 1747 679 1785 et
707 1744 917 1798 Koepkius
957 1745 1244 1796 (singularibus
1274 1745 1439 1795 libellis)
1477 1746 1599 1799 scrip-

176 1820 326 1859 serunt.
386 1819 481 1859 Fuit
515 1820 650 1859 autem
685 1819 719 1859 is
750 1824 791 1859 et
824 1820 943 1872 poeta
974 1821 1014 1858 et
1044 1819 1213 1872 scriptor
1242 1819 1488 1860 clarissimus
1533 1819 1597 1869 (cf.
1642 1863 1652 1870 ,

174 1889 351 1931 Beutleii
380 1904 514 1943 opusc.
545 1905 583 1943 p.
604 1893 713 1941 495).
771 1891 902 1931 Natus
933 1892 1093 1930 videtur
1124 1893 1273 1945 olymp.
1298 1895 1349 1932 72
1382 1905 1486 1931 anno
1508 1892 1596 1941 1V.‚

174 1963 220 2001 ut
239 1965 443 2016 computat
459 1962 705 2004 Welckerus
726 1964 751 2003 l.
774 1964 798 2004 l.
821 1976 857 2015 p.
877 1965 968 2003 940.
1003 1962 1070 2002 Ex
1088 1962 1289 2016 Aristoph.
1309 1963 1414 2005 Avv.
1436 1966 1518 2005 830
1538 1977 1596 2016 sq.

175 2033 338 2089 Olymp.
359 2036 620 2088 nonagesima
650 2048 741 2075 eum
771 2040 970 2074 mortuum
1003 2048 1093 2075 esse
1122 2036 1383 2086 intellegitur.
1434 2034 1597 2088 Olymp.

175 2110 228 2149 87
264 2121 367 2149 anno
398 2109 461 2149 IV
496 2121 585 2148 cum
620 2108 814 2160 Euripide
849 2110 890 2147 et
924 2108 1127 2161 Jophonte
1162 2108 1377 2148 infeliciter
1413 2109 1596 2157 certavit,

173 2170 219 2220 ut
254 2193 301 2220 eo
336 2180 551 2234 Hippolyti
586 2179 829 2233 Euripideae
865 2182 1102 2232 argumento
1138 2180 1400 2232 intellegitur.
1461 2179 1597 2220 Semel

173 2265 265 2292 eum
294 2253 442 2293 vicisse
476 2252 640 2292 tradunt
669 2252 793 2293 schol.
824 2252 1030 2305 Aristoph.
1061 2253 1112 2291 ad
1141 2253 1166 2292 l.
1198 2253 1223 2291 l.
1257 2255 1298 2292 et
1328 2251 1473 2292 Suidas
1504 2266 1534 2291 s.
1556 2265 1594 2292 v.

172 2323 252 2365 Jon
281 2326 324 2364 et
353 2322 588 2364 Athenaeus
619 2323 652 2363 I.
692 2336 729 2376 p.
761 2326 785 2364 3
821 2337 898 2376 sq.;
945 2324 995 2363 ob
1038 2335 1207 2376 eamque
1242 2324 1448 2364 victoriam
1485 2324 1595 2363 cives

171 2397 266 2438 vino
298 2395 411 2447 Chio,
456 2410 535 2437 non
564 2409 675 2445 vase,
719 2397 765 2436 ut
803 2397 965 2449 quidam
1012 2397 1088 2436 viri
1124 2397 1230 2436 docti
1269 2398 1423 2450 putant,
1467 2396 1596 2436 veluti

171 2463 377 2509 Nicolaius
421 2468 474 2509 H.
518 2471 544 2509 l.
589 2467 657 2508 Grr.
702 2482 739 2521 p.
775 2472 841 2517 89,
891 2469 1062 2507 donasse
1111 2469 1256 2509 dicitur
1303 2469 1366 2516 (cf.
1399 2468 1596 2508 Welcker

171 2554 210 2594 p.
241 2543 350 2590 321).

284 2613 345 2653 De
374 2614 460 2654 arte
490 2615 624 2654 autem
651 2612 766 2655 Jonis
796 2612 1038 2665 ingenioque
1068 2612 1357 2666 comparandus
1388 2614 1451 2653 est
1480 2613 1591 2654 locus

170 2684 195 2723 l.
225 2684 319 2741 περὶ
350 2681 487 2743 ὕψους
516 2699 547 2727 c.
579 2689 631 2727 33
661 2699 699 2738 p.
722 2687 775 2726 54
804 2687 828 2725 l.
860 2687 913 2725 25
944 2685 1068 2725 Jahn:
