1878 3092
250 114 311 158 12

246 260 406 301 quoque
445 261 597 301 genera
634 250 761 288 fuisse
799 263 852 288 ex
891 250 960 296 eis,
1005 261 1108 301 quae
1148 249 1260 288 addit
1289 248 1450 298 Pollux,
1495 249 1674 301 apparet.

245 321 409 361 Welck.
446 336 484 374 p.
518 326 598 363 337
636 324 675 361 in
708 324 777 371 eis,
824 335 927 374 quae
963 323 1137 361 omissae
1174 322 1266 370 sint,
1312 322 1494 373 personis
1522 315 1675 373 Σιμὸν

244 394 370 433 fuisse
401 396 636 446 suspicatur.
696 391 870 447 Σιμοὺς
900 406 1059 446 quoque
1090 395 1228 433 videre
1265 395 1360 433 licet
1393 395 1435 434 in
1465 407 1563 433 vase
1595 407 1673 446 quo

244 466 294 504 de
313 466 481 505 Wiesel.
507 467 683 518 scripsit3
716 472 926 518 praeterea
947 480 1064 505 aures
1086 465 1311 518 caprinas*)
1342 466 1488 515 (Wies.
1514 479 1552 518 p.
1575 465 1673 515 717)

243 538 453 578 horrentes
491 540 657 592 capillos
704 536 946 593 (προσθίαν
982 539 1107 596 τρίχα
1137 539 1323 579 Achaeus
1359 551 1419 592 ap.
1451 532 1672 595 AtthV.

242 625 279 663 p.
303 615 429 659 69063
463 612 600 666 Etym.
618 614 673 653 M.
694 627 732 666 p.
752 617 843 662 764,
867 615 920 662 9),
952 614 1107 653 barbas,
1150 612 1283 665 Atque
1304 614 1452 652 barbae
1473 625 1519 652 eo
1543 612 1672 664 magis

242 685 446 725 debebant
465 686 652 738 propriae
674 699 764 726 esse
786 690 1026 739 satyrorum,
1058 687 1152 738 quia
1175 687 1282 739 capri
1304 699 1394 726 esse
1414 686 1673 738 fingebantur

242 757 380 806 (Leon.
422 757 512 798 Tar.
546 762 595 799 A.
632 759 674 799 P.
714 759 790 800 IX.
834 763 885 798 99
931 757 1074 810 ἰ’ξαλος
1114 754 1311 810 εὐπώγων
1354 753 1478 810 αἰγὸς
1519 753 1670 804 πόσι-ς).

243 829 433 869 Summus
455 834 590 870 autem
611 832 780 883 capillus
810 832 849 871 in
880 833 1012 871 fronte
1033 834 1154 883 atque
1184 831 1273 882 ipsa
1300 842 1473 883 persona
1502 830 1669 869 rubrum

240 903 443 953 quendam
464 904 636 941 colorem
658 904 858 943 referebat
879 904 1064 952 (Wiesel.
1088 917 1123 954 p.
1144 905 1251 952 717),
1274 914 1397 953 quare
1411 901 1580 942 Wiesel.
1599 902 1668 940 1.l.

239 986 330 1013 cum
352 975 426 1014 hac
448 988 490 1014 re
513 975 620 1014 haud
650 976 785 1028 inepte
816 979 1021 1028 comparat
1040 975 1237 1030 Σκίρτον
1258 970 1335 1015 τὸν
1355 975 1666 1029 πυρρογένειον,

238 1048 307 1099 qui
328 1052 661 1087 commemoratur
681 1050 730 1088 ab
755 1049 986 1088 Dioscoride
1007 1050 1047 1087 in
1069 1049 1192 1101 epigr.
1214 1047 1262 1088 A.
1279 1047 1322 1087 P.
1340 1047 1438 1087 VII.
1457 1050 1549 1096 707,
1572 1059 1609 1086 v.
1626 1049 1667 1087 ,3.
1718 1072 1723 1076 -

351 1119 442 1159 Jam
489 1121 539 1159 de
579 1122 821 1161 vestimento
863 1125 1090 1174 satyrorum
1131 1121 1344 1161 dicendum
1386 1121 1458 1159 est.
1533 1120 1668 1172 Atque

237 1192 368 1231 locum
414 1191 602 1242 Pollucis,
654 1207 771 1246 quem
824 1207 945 1246 supra
993 1208 1029 1247 p.
1075 1197 1125 1235 10
1175 1192 1393 1232 memoravi
1442 1191 1530 1242 (IV.
1570 1193 1667 1240 118)

238 1264 443 1303 Wieseler
479 1266 535 1304 ita
573 1248 806 1317 explicavit,
854 1273 897 1305 ut
935 1280 1026 1305 eum
1062 1267 1264 1318 pertinere
1309 1267 1464 1304 tantum
1506 1266 1557 1303 ad
1597 1277 1665 1303 eos

237 1339 411 1390 satyros,
443 1338 511 1389 qui
533 1351 611 1377 uon
634 1323 807 1378 fuissent
828 1340 936 1378 chori
959 1339 1095 1391 satyri,
1128 1338 1389 1378 contenderet
1409 1340 1459 1390 (p.
1477 1339 1553 1377 651
1578 1344 1665 1389 sq.).

239 1408 373 1460 Atque
394 1410 469 1449 hoc
491 1423 536 1449 eo
562 1411 690 1461 magis
713 1412 809 1450 dicit
830 1425 920 1450 csse
950 1412 1168 1462 probabile,
1199 1410 1305 1462 quod
1330 1410 1379 1448 de
1400 1410 1663 1460 subligaculo,

237 1494 315 1533 quo
338 1484 534 1534 quantum
556 1497 608 1523 ex
630 1484 727 1523 artis
749 1487 1098 1524 monumentorum
1121 1482 1361 1525 testimoniis
1391 1482 1664 1535 intellegatur,

235 1567 397 1606 semper
427 1556 577 1594 fuerint
607 1557 737 1595 ornati
774 1558 809 1595 ei
846 1557 914 1608 qui
947 1557 996 1595 ad
1027 1557 1191 1595 chorum
1228 1556 1494 1608 pertinuerint
1524 1556 1664 1608 satyri,

234 1627 334 1665 nihil
366 1628 524 1667 omnino
556 1628 706 1667 Pollux
745 1630 861 1669 dicat.
923 1626 1069 1668 Mirum
1108 1641 1204 1668 sane
1244 1633 1305 1668 est
1343 1627 1451 1680 quod
1488 1627 1665 1679 subliga-

235 1699 370 1738 culum
402 1699 563 1740 omnino
586 1713 665 1739 non
687 1706 1030 1742 commemoratur.
1077 1701 1245 1741 Accedit
1274 1701 1380 1753 quod
1413 1700 1471 1740 eis
1502 1700 1663 1754 satyris,

234 1785 288 1811 ex
329 1773 474 1825 quibus
515 1774 724 1813 constabat
768 1775 924 1825 chorus,
970 1777 1130 1828 praeter
1171 1774 1477 1832 subligaculum*
1506 1773 1664 1813 nullum

233 1844 394 1884 videtur
424 1846 550 1886 fuisse
579 1847 887 1895 vestimentum;
921 1848 967 1887 cf.
1002 1847 1099 1888 Hor.
1130 1847 1177 1887 A.
1199 1847 1242 1888 P.
1277 1849 1360 1887 220
1390 1859 1470 1898 sq.:

372 1916 562 1959 Carmine
593 1920 662 1972 qui
693 1920 846 1972 tragico
874 1920 997 1959 vilem
1029 1921 1199 1960 certavit
1228 1920 1278 1960 ob
1308 1919 1461 1959 hircum

371 1992 470 2031 Mox
503 1993 624 2032 etiam
655 1997 837 2044 agrestes
869 1997 1028 2045 satyros
1058 1993 1237 2033 nudavit.

345 2063 489 2115 Itaque
525 2064 741 2117 γυμνῆται
783 2062 994 2119 ὀρχησταὶ
1030 2067 1227 2104 vocantur
1262 2064 1390 2117 satyri
1428 2076 1451 2102 a
1489 2063 1663 2104 Luciano

232 2135 375 2175 Bacch.
398 2139 435 2176 3.
500 2137 635 2188 Atque
667 2137 866 2177 Welcker
905 2151 942 2189 p.
975 2141 1054 2178 336
1086 2142 1247 2189 praeter
1277 2137 1428 2188 pellem
1458 2137 1662 2188 caprinam

231 2210 392 2261 satyros
425 2208 589 2261 prorsus
611 2210 740 2249 nudos
771 2210 812 2249 in
844 2222 1030 2249 scaenam
1061 2210 1244 2262 prodisse
1266 2208 1477 2249 Horatium
1499 2212 1663 2250 secutus

230 2282 447 2321 contendit.
518 2282 636 2321 Hanc
681 2296 776 2321 vero
824 2283 1067 2321 sententiam
1099 2273 1303 2322 Wie'seler
1349 2283 1428 2322 iam
1472 2283 1665 2322 refutavit

231 2367 266 2405 p.
288 2356 368 2393 722
392 2367 446 2393 ex
468 2355 555 2393 loco
579 2355 763 2408 Dionysii
787 2355 901 2403 (VII.
925 2357 991 2401 72)
1016 2355 1081 2393 ubi
1103 2355 1246 2396 σκευαὶ
1267 2360 1357 2403 τοῖς
1377 2358 1435 2403 εὶς
1454 2351 1665 2411 σατύρους

229 2426 500 2466 εὶκασθεῖσιν
531 2427 789 2465 nominantur
818 2422 1091 2481 περιζώματα
1112 2426 1185 2466 καὶ
1206 2428 1413 2483 κεφαλαῖς
1432 2424 1570 2486 φόβαι
1592 2429 1663 2469 καὶ

227 2495 310 2543 ὅσα
341 2496 509 2546 τούτοις
537 2496 677 2552 ὅμοια.
738 2499 954 2538 Praeterea
990 2501 1030 2538 in
1069 2500 1154 2551 ipso
1192 2501 1262 2539 illo
1294 2514 1403 2550 vase,
1449 2502 1554 2553 quod
1592 2516 1663 2541 ex-

343 2591 382 2636 ᾖ)
406 2591 542 2636 Itaque
569 2591 692 2639 τράγοι
715 2594 906 2635 vocantur,
945 2592 1002 2626 διὰ
1029 2592 1067 2627 τὸ
1093 2591 1226 2638 τράγων
1251 2585 1322 2627 εἶτα
1347 2595 1446 2636 ἔχειν.
1495 2593 1660 2639 Hesych.

230 2648 282 2685 sic
306 2648 447 2684 Aesch.
473 2648 521 2683 fr.
548 2650 616 2684 202
641 2652 790 2692 satyrus
816 2649 940 2694 τράγος
964 2649 1186 2693 appellatur.
