1878 3092
243 188 303 234 18

784 321 1010 388 Caput
1045 322 1120 374 II.

474 471 723 510 Euan-atur
750 473 899 518 poesis
929 473 1146 518 satyricae
1174 467 1421 522 historiaffi)

347 545 578 599 Postquam,
611 562 714 601 quae
736 553 846 590 esset
874 551 1008 603 poesis
1029 550 1229 603 satyricae
1255 549 1413 589 indoles
1443 561 1490 588 ac
1509 553 1664 597 natura,

236 620 501 672 exposuimus
541 622 621 661 iam
661 624 876 663 transitum
913 623 1106 663 faciamus
1142 623 1193 663 ad
1222 623 1350 675 ipsam
1386 614 1496 662 illius
1531 622 1666 674 poesis
1722 624 1726 628 ’

234 693 700 735 historiamaccuratius
739 696 1015 736 enarrandam.
1075 695 1209 748 Atque
1240 698 1284 735 ut
1317 695 1397 735 iam
1428 706 1551 748 supra
1585 706 1667 733 mo-

234 766 407 817 nuimus,
453 767 555 808 nihil
599 768 744 818 obstat,
790 769 1003 821 quominus
1048 769 1275 821 probemUS,
1327 768 1434 820 quod
1477 766 1588 808 Suid.
1628 780 1666 807 v.

232 839 466 893 Πρατίνας
509 844 657 891 monet,
703 841 907 881 Pratinam
951 842 1123 894 primum
1168 844 1328 893 satyros
1363 842 1387 880 i.
1429 853 1461 879 e.
1506 840 1665 879 fabulas

236 914 435 966 satyricas
466 914 687 966 scripsisse.
739 913 882 966 Neque
914 914 1022 954 enim
1052 913 1210 953 ostendi
1240 914 1385 966 potest,
1417 913 1524 965 quod
1544 910 1666 952 Beut-

235 985 339 1024 leius
371 984 517 1037 Opusc.
549 998 586 1037 p.
608 988 688 1025 281
721 986 940 1035 contendit,
973 985 1219 1037 Thespidem
1249 985 1374 1024 fuisse
1403 997 1547 1025 revera
1576 997 1667 1024 auc-

233 1059 374 1107 torem,
406 1058 479 1098 sed
498 1058 599 1098 nihil
621 1058 814 1110 scriptum
835 1058 1061 1110 reliquisse,
1093 1057 1298 1098 Pratinam
1323 1057 1495 1110 primum
1517 1059 1681 1114 scripto·

235 1132 505 1171 mandavisse.
568 1131 645 1171 Est
675 1134 810 1171 autem
839 1132 910 1172 illa
940 1132 1084 1185 opinio,
1124 1131 1369 1185 Thespidem
1397 1131 1524 1172 fuisse
1553 1132 1667 1172 fabu-

234 1205 366 1244 larum
387 1206 655 1259 satyricarum
676 1208 881 1246 auctorem
911 1206 1004 1246 inde
1024 1208 1122 1256 orta,
1154 1206 1261 1258 quod
1286 1207 1545 1258 proverbium
1564 1206 1666 1247 illud

233 1275 356 1320 οὐδὲν
399 1273 507 1334 πρὸς
550 1273 628 1320 τὸν
671 1275 879 1320 Διόνυσον
923 1280 973 1318 ad
1018 1280 1124 1318 hunc
1168 1279 1419 1331 potissimum
1463 1279 1666 1331 pertinere

233 1352 479 1404 putabantur
523 1354 575 1401 (v.
606 1365 644 1404 p.
677 1353 728 1400 5).
790 1351 873 1391 Sed
913 1352 947 1391 si
985 1352 1026 1391 in
1066 1352 1206 1391 eodem
1248 1349 1575 1392 Chamaeleontis
1615 1352 1665 1391 de

233 1422 438 1476 Thespide
475 1424 577 1462 libro
622 1425 674 1472 (v.
708 1422 819 1464 Suid.
850 1420 973 1464 οὐδὲν
1003 1424 1092 1471 etc.)
1138 1424 1202 1462 hic
1238 1424 1465 1463 nominatus
1504 1424 1579 1463 fuit
1607 1424 1665 1463 in-

231 1497 378 1535 ventor
414 1495 523 1535 illius
560 1496 735 1547 generis,
782 1508 852 1534 cur
887 1508 965 1535 non
1005 1509 1035 1536 s.
1067 1509 1105 1535 v.
1167 1493 1323 1542 Θέσπις
1356 1495 1462 1534 idem
1500 1496 1666 1535 tradidit

233 1566 392 1618 Suidas,
439 1580 510 1607 cur
549 1580 627 1607 non
670 1568 744 1607 hoc
784 1568 937 1607 addidit
977 1568 1043 1618 ibi,
1089 1568 1157 1607 ubi
1197 1568 1247 1607 de
1285 1567 1449 1607 Pratina
1486 1568 1666 1620 loquitur

235 1638 415 1688 (Friebel
454 1653 493 1693 p.
524 1641 611 1689 10>?
671 1640 837 1680 Praeter
878 1639 1044 1681 Suidam
1088 1642 1222 1680 autem
1263 1641 1367 1680 Acro
1412 1654 1571 1693 quoque
1615 1641 1665 1681 ad

232 1712 373 1752 Horat.
407 1713 453 1752 A.
476 1713 518 1753 P.
549 1728 587 1754 V.
610 1716 692 1754 230
724 1715 774 1753 ad
804 1714 1010 1753 Pratinam
1048 1716 1252 1753 auctorem
1288 1715 1543 1754 referendam
1573 1727 1663 1753 esse

230 1784 340 1824 illius
378 1786 539 1837 generis
576 1785 804 1825 fabularum
842 1786 1037 1837 originem
1073 1786 1205 1826 tradit.
1265 1785 1384 1835 (Nam
1423 1798 1493 1837 pro
1528 1786 1663 1838 inepto

231 1856 440 1907 ,‚Oratini“
471 1858 668 1897 vocabulo
699 1857 870 1899 Oasaub.
901 1872 939 1910 p.
963 1861 1041 1897 121
1074 1860 1183 1897 recte
1213 1858 1392 1897 restituit
1420 1858 1663 1908 Pratin‘ae“.)

344 1929 517 1975 Quando
541 1933 658 1970 natus
681 1931 732 1970 sit
752 1935 989 1971 mortuusve
1006 1931 1191 1970 Pratinas
1213 1931 1426 1980 nescimus,
1458 1931 1535 1970 nisi
1555 1932 1664 1982 quod

232 2003 336 2044 circa
357 2003 631 2056 olympiadem
654 2003 995 2055 septuagesimam
1025 2003 1207 2042 floruisse
1229 2003 1278 2042 ab
1301 2002 1491 2053 Eusebio,
1523 2003 1663 2043 eadem

232 2075 465 2129 olympiade
495 2088 585 2114 cum
617 2075 824 2128 Aeschylo
856 2078 1034 2114 certasse
1064 2088 1087 2114 a
1118 2074 1245 2114 Suida
1275 2076 1430 2116 dicitur.

345 2146 465 2192 Quod
495 2149 700 2187 certamen
731 2160 777 2186 eo
809 2150 872 2186 est
901 2147 1174 2196 memorabile,
1218 2147 1325 2197 quod
1361 2150 1455 2186 tunc
1490 2148 1663 2199 primum

233 2220 460 2272 tetralogiis
500 2221 655 2259 certare
695 2221 839 2271 poetae
881 2220 1119 2272 inceperunt
1158 2220 1199 2258 et
1238 2219 1344 2271 quod
1382 2218 1574 2268 tabulata,
1621 2220 1662 2260 in

233 2293 382 2344 quibus
403 2292 566 2332 stabant
587 2293 847 2344 spectatores,
879 2292 1148 2330 conciderunt.
1194 2291 1302 2330 Num
1324 2293 1457 2331 autem
1479 2292 1662 2332 Pratinas

233 2379 396 2417 quoque
445 2367 486 2405 et
531 2364 693 2418 Thesp„
740 2363 964 2413 Choerilus,
1015 2364 1251 2416 quibuscum
1300 2367 1386 2404 tum
1430 2365 1661 2419 Aeschylus

234 2438 418 2488 certavit,
450 2437 674 2489 tetralogiis
696 2436 951 2485 certaverint,
983 2438 1091 2476 certo
1112 2437 1234 2476 statui
1254 2449 1334 2476 non
1355 2439 1498 2489 potest.
1540 2435 1661 2477 Certe

348 2612 388 2655 ³¹⁶)
413 2612 641 2657 Magnopere
660 2612 779 2655 doleo,
807 2612 903 2654 quod
920 2612 1070 2647 Ottonis
1088 2612 1214 2655 Jahni,
1242 2612 1286 2647 de
1309 2612 1468 2656 Theseo,
1494 2611 1660 2648 Hercule

232 2668 351 2713 deque
388 2667 514 2704 fabula
549 2667 711 2711 satyrica
747 2668 1090 2705 commentationem
1125 2667 1257 2704 Philol.
1294 2668 1363 2705 vol.
1400 2668 1443 2703 27
1483 2667 1661 2705 insertam

231 2724 358 2768 legere
384 2723 475 2758 mihi
496 2734 568 2759 non
592 2723 709 2759 licuit.
