1878 3092
225 180 292 228 20

223 314 324 355 illud
353 309 629 371 παρεισάγειν
658 315 789 368 magis
818 315 1011 356 adrideat.
1060 315 1112 356 In
1137 315 1270 357 medio
1298 315 1422 369 igitur
1449 316 1663 370 relinqua-¹

221 402 325 439 mus,
347 389 380 429 si
401 402 492 429 cum
513 390 721 442 tragoedia
740 390 995 430 coniunxerit
1014 391 1232 443 satyricam
1253 391 1434 430 fabulam
1453 389 1650 441 Pratinas,

222 475 301 516 quo
331 463 417 504 loco
453 464 543 504 acta
577 475 668 504 esse
702 464 882 517 putanda
911 464 973 505 sit.
1006 486 1057 492 —
1088 462 1486 505 Praestantissimum
1516 464 1650 505 autem

221 536 449 576 fabularum
473 537 740 590 satyricarum
770 539 932 590 poetam
954 537 1081 577 fuisse
1101 537 1306 577 Pratinam
1336 537 1459 576 tradit
1478 536 1650 594 Pausan.

220 608 280 651 II.
315 612 378 660 13,
410 610 454 650 5:
496 605 725 652 Ἐνταῦθά
761 612 851 652 ἐστι
886 610 957 652 καὶ
981 606 1195 668 Ἀριστίου
1229 609 1382 665 μνῆμα
1412 608 1491 652 τοῦ
1517 609 1649 668 Πρα-

220 682 341 724 τίνου
371 714 379 724 .
412 679 553 735 τούτῳ
583 683 645 735 τῷ
671 680 866 738 Ἀριστίᾳ
894 679 1073 737 σάτυροι
1102 684 1174 724 καί
1192 682 1401 740 Πρατίνᾳ
1430 683 1490 724 τῶ
1517 683 1651 739 πατρί

220 757 301 798 εἰσι
338 758 619 810 πεποιημένοι
657 751 770 807 πλὴν
808 757 895 798 τῶν
923 752 1143 811 Αἰσχύλον
1180 752 1465 811 δοκιμώτατα.
1533 755 1649 803 Quae

219 841 311 868 cum
339 829 527 881 legimus,
565 830 757 868 miramur
786 830 894 881 quod
924 842 1002 868 non
1032 830 1205 881 amplius
1236 830 1364 868 semel
1393 830 1540 869 vicisse
1569 832 1648 869 tra-

218 902 327 943 ditur
356 900 484 952 (Suid.
517 902 680 953 ἐνίκησε
711 901 755 944 δὲ
784 898 929 954 ἅπαξ).
988 901 1178 955 Plerique
1216 904 1350 943 autem
1387 901 1649 954 probabiliter

215 987 301 1015 rem
330 974 388 1014 ita
418 975 636 1027 explicant,
666 976 712 1014 ut
741 975 876 1014 dicant
906 987 997 1014 eum
1029 979 1073 1014 ut
1093 974 1362 1027 alienigenam
1390 974 1500 1014 haud
1528 973 1647 1014 facile

213 1048 352 1100 populi
379 1047 691 1087 Atheniensium
721 1047 903 1087 favorem
934 1047 1009 1087 sibi
1039 1047 1251 1087 conciliare
1282 1048 1462 1099 potuisse
1492 1046 1645 1098 (Pinzg.

211 1132 249 1173 p.
272 1122 339 1169 26,
371 1119 533 1159 Friebel
562 1133 599 1172 p.
624 1120 733 1169 109).
792 1119 909 1159 Idem
939 1121 1081 1172 postea
1110 1133 1269 1172 quoque
1300 1119 1443 1159 accidit
1472 1118 1653 1158 Achaeo*

213 1191 388 1233 Nomina
408 1194 544 1233 autem
565 1193 651 1233 eius
672 1193 901 1233 fabularum
923 1196 1047 1246 satyr.
1068 1194 1184 1233 nulla
1202 1195 1364 1233 veteres
1384 1192 1645 1232 tradiderunt.

212 1263 318 1305 Nam
347 1278 543 1319 perquam
576 1266 755 1316 dubium,
790 1279 885 1305 num
917 1266 970 1305 sit
999 1266 1137 1305 fabula
1166 1266 1343 1319 satyrica
1370 1265 1647 1317 intellegenda

211 1348 274 1389 ap.
290 1336 386 1376 Ath.
405 1337 482 1377 IX.
499 1351 536 1390 p.
556 1341 636 1378 392
654 1339 697 1378 f.:
719 1338 950 1394 Πρατίνας
970 1335 1058 1379 δ’ὲν
1073 1337 1314 1392 Δυμαίναις
1333 1331 1361 1387 ἢ
1375 1333 1645 1393 Καρυάτισιν

211 1405 442 1465 ἁδύφωνον
472 1397 587 1459 ἰδίως
617 1411 735 1453 καλεῖ
763 1406 842 1453 τὸν
861 1406 1037 1467 ὄρτυγα,
1070 1407 1182 1462 πλὴν
1202 1413 1238 1452 εἰ
1257 1406 1319 1464 μή
1349 1425 1391 1451 τι
1410 1404 1530 1466 παρὰ
1554 1415 1646 1457 τοῖς

214 1482 434 1533 Φλιαςίοις
470 1480 497 1536 ἢ
532 1491 622 1534 τοῖς
650 1481 830 1527 Λάκωσι
867 1481 1120 1542 φωνήεντες,
1167 1481 1223 1532 ὡς
1257 1483 1329 1525 καὶ
1363 1485 1404 1525 οἱ
1439 1482 1641 1540 πέρδικες,

213 1558 372 1598 etiamsi
393 1557 545 1598 Bodius
576 1559 600 1598 l.
623 1559 647 1597 l.
677 1572 714 1611 p.
737 1560 790 1599 85
822 1571 869 1598 eo
901 1558 1167 1611 progreditur,
1199 1558 1244 1596 ut
1263 1557 1332 1597 vel
1362 1558 1644 1609 argumentum

212 1631 412 1684 satyricae
441 1631 605 1671 fabulae
634 1632 755 1683 quale
784 1631 905 1671 fuerit
935 1633 1101 1671 conetur
1122 1631 1345 1671 ostendere.
1398 1629 1457 1670 Ac
1479 1629 1642 1671 Welck.

211 1702 314 1756 App.
345 1718 382 1757 p.
411 1706 490 1744 291
524 1717 658 1744 errare
689 1718 758 1744 eos
789 1704 897 1753 dicit,
938 1704 1007 1756 qui
1039 1704 1219 1744 fabulam
1249 1716 1353 1756 quae
1384 1716 1407 1742 a
1436 1703 1555 1743 choro
1586 1703 1642 1743 fe-

211 1775 410 1814 minarum
440 1787 587 1815 nomen
618 1776 766 1815 habeat
796 1776 1015 1829 satyricam
1045 1776 1188 1828 putent
1209 1788 1299 1814 esse
1328 1775 1508 1826 potuisse
1536 1787 1643 1814 eam-

209 1859 289 1900 que
328 1859 490 1887 causam
531 1849 644 1888 illam
683 1861 843 1901 quoque
877 1848 1055 1888 fabulam
1092 1849 1217 1899 negat
1252 1847 1378 1887 fuisse
1413 1846 1641 1900 satyricam.

210 1919 479 1959 Welckerum
510 1922 692 1973 sequitur
722 1922 885 1961 Friebel
914 1935 952 1974 p.
978 1924 1028 1961 17
1060 1922 1101 1960 et
1132 1918 1269 1968 111.⁹⁶)
1318 1919 1454 1971 Atque
1485 1919 1642 1959 etiamsi

208 1992 295 2035 fleri
324 1995 485 2047 poterat
505 1994 546 2034 in
567 1995 786 2047 tragoedia,
818 1995 926 2047 quod
947 1992 994 2034 Gr.
1018 1993 1278 2034 Hermannus
1307 1993 1348 2032 in
1379 1992 1505 2045 praef.
1523 1990 1640 2045 Cycl.

207 2079 245 2118 p.
278 2065 346 2105 XI
376 2066 484 2116 dicit,
530 2068 575 2106 ut
616 2070 686 2106 aut
725 2068 804 2106 duo
841 2067 952 2106 chori
989 2067 1340 2106 introducerentur
1375 2067 1445 2104 aut
1479 2065 1642 2104 nomina

208 2136 437 2178 fabularum
468 2139 641 2192 pluralia
670 2152 761 2191 gen.
783 2139 875 2179 fem.
907 2152 986 2179 non
1017 2151 1041 2178 a
1071 2139 1189 2178 choro
1220 2138 1474 2188 ducerentur,
1505 2138 1640 2177 tamen

209 2211 435 2249 cavendum
477 2214 551 2260 est,
596 2225 648 2250 ne
688 2213 728 2250 in
765 2212 943 2264 satyrica
978 2224 1138 2262 quoque
1176 2210 1314 2249 fabula
1347 2210 1388 2248 id
1418 2210 1641 2249 certissime

208 2282 360 2323 factum
406 2296 496 2322 esse
540 2285 730 2336 putemus
774 2286 882 2332 (nam
927 2284 1076 2323 desunt
1119 2283 1372 2334 argumenta)
1416 2295 1521 2322 neve
1564 2283 1640 2322 hoc

211 2358 450 2406 argumento
490 2357 652 2395 utamur
689 2357 759 2396 ubi
797 2356 898 2396 nihil
933 2368 1006 2395 nos
1046 2356 1152 2407 cogit
1187 2356 1237 2395 de
1272 2355 1421 2409 satyris
1451 2355 1638 2407 cogitare.

324 2427 471 2480 Itaque
501 2440 591 2467 cum
622 2429 757 2468 certae
782 2428 1005 2468 fabularum
1038 2428 1171 2467 desint
1199 2427 1406 2480 reliquiae,
1436 2441 1487 2467 ne
1517 2428 1640 2468 statui

208 2500 372 2552 quidem
403 2501 503 2540 certi
534 2500 754 2553 quidquam
783 2500 834 2539 de
865 2512 1002 2540 earum
1031 2501 1167 2540 indole
1196 2502 1340 2553 potest.
1400 2500 1512 2540 Illud
1541 2512 1637 2540 vero

207 2585 288 2613 non
318 2573 481 2613 videtur
521 2573 687 2612 dubium
726 2586 829 2624 esse,
875 2574 970 2626 quin
1008 2575 1049 2613 et
1087 2573 1128 2613 in
1159 2573 1344 2614 saltando
1375 2572 1638 2625 cantibusque

321 2672 362 2716 ³⁵⁶)
387 2671 512 2717 Quare
543 2671 740 2716 Sophoclis
779 2672 964 2718 πλύντριαι
999 2675 1038 2708 et
1073 2681 1167 2715 quae
1204 2674 1291 2707 sunt
1320 2670 1459 2707 similes
1490 2670 1637 2706 fabulae

206 2738 280 2763 non
305 2727 458 2764 fuerunt
484 2727 677 2772 satyricae.
