1878 3092
218 176 282 224 22

222 310 327 367 App.
357 327 395 366 p.
418 313 516 364 318)
562 314 790 368 satyrorum
829 313 937 355 iocos
977 315 1099 367 atque
1138 314 1263 355 risum
1304 314 1511 356 excitaret.
1570 313 1652 356 sed

222 386 312 438 quis
343 387 465 438 negat
501 386 628 425 multo
660 386 792 439 aptius
829 386 911 425 tale
941 387 1222 438 argumentum
1251 386 1377 426 fuisse
1408 384 1652 439 tragoediae,

224 460 463 511 praesertim
500 472 591 498 cum
629 459 901 511 fragmentum
939 459 1045 511 quod
1081 459 1231 499 Pollux
1269 461 1449 500 servavit
1484 460 1561 500 IX.
1598 463 1651 500 43

224 544 388 585 prorsus
422 544 502 572 non
542 534 662 584 cogat
696 545 769 572 nos
806 532 856 571 de
891 532 1029 572 fabula
1065 532 1241 586 satyrica
1278 533 1480 585 cogitare?
1539 532 1654 573 Veri·

224 605 416 645 sillimum
457 606 592 644 autem
633 607 706 655 est,
753 617 996 657 quamquam
1037 605 1194 645 dubitat
1224 605 1387 646 Welck.
1428 605 1546 657 Frag.
1583 603 1653 646 Gr.

225 692 262 731 p.
285 682 379 728 966,
419 677 675 727 ‚‚Antaeum“
705 678 883 718 fabulam
913 678 1038 718 fuisse
1070 679 1298 732 satyricam.
1352 679 1396 719 Is
1427 678 1534 718 enim
1564 691 1655 718 cum

226 751 268 790 in
300 750 357 790 eis
378 750 608 801 haberetur,
644 750 713 802 qui
742 750 1093 803 praetereuntibus
1124 751 1332 790 interitum
1362 762 1527 804 parasse
1551 750 1656 790 dice-

229 825 376 865 bantur
407 823 651 876 tandemque
682 823 872 864 Herculis
903 824 1053 864 virtute
1082 824 1295 874 interfecti,
1329 836 1450 876 quam
1479 824 1656 865 maxime

228 897 315 936 eius
352 909 443 935 cum
474 895 653 935 Hercule
688 908 825 949 pugna
861 896 1159 936 accommodata
1195 896 1270 935 fuit
1305 896 1356 935 ad
1385 896 1564 936 fabulam
1595 909 1656 936 sa-

229 971 413 1024 tyricam.
470 967 640 1009 Constat
670 969 774 1009 enim
809 969 970 1009 illorum
1000 971 1269 1009 monstrorum
1299 969 1505 1010 interitum
1534 969 1656 1009 usita-

228 1042 428 1082 tissimum
472 1042 596 1080 fuisse
640 1041 781 1080 talium
826 1041 1052 1080 fabularum
1098 1043 1391 1093 argumentum.
1462 1042 1656 1082 Atalanta

229 1117 367 1155 contra
397 1114 604 1165 tragoedia
632 1113 758 1152 fuisse
788 1113 949 1152 videtur
978 1113 1042 1162 (cf.
1066 1113 1263 1153 W'elcker
1286 1114 1309 1153 l.
1331 1114 1357 1153 l.
1389 1127 1426 1166 p.
1449 1114 1556 1164 966).

343 1175 575 1226 Choerilum
615 1197 778 1236 quoque
818 1185 1015 1238 satyricas
1051 1185 1209 1224 fabulas
1246 1186 1456 1237 scripsisse
1491 1189 1660 1238 apparet

231 1272 284 1299 ex
314 1257 471 1298 verbis:

430 1328 491 1370 ‘H
493 1330 589 1370 νίκα
617 1329 699 1383 μὲν
717 1326 918 1382 βασιλεὺς
938 1329 1140 1385 Χοιρίλος
1171 1332 1215 1370 ὲν
1234 1326 1457 1386 Σατύροις

230 1403 281 1442 de
312 1402 457 1455 quibus
487 1417 524 1442 v.
551 1402 712 1444 Welck.
744 1402 847 1456 App.
878 1416 916 1455 p.
939 1404 1031 1443 282.
1082 1402 1226 1455 Neque
1264 1403 1492 1455 fragmenta
1522 1414 1660 1442 earum

229 1488 363 1526 neque
394 1475 556 1513 nomina
585 1477 813 1527 supersunt.

344 1547 436 1587 Jam
467 1548 839 1588 commemorandus
870 1550 932 1587 est
953 1547 1220 1600 PhrynichUS,
1253 1547 1303 1586 de
1334 1559 1412 1599 quo
1442 1545 1658 1587 v.Welck.

232 1619 351 1671 Frag.
382 1633 419 1671 p.
445 1622 495 1659 18
518 1633 590 1672 sq„
623 1620 724 1672 App.
748 1633 784 1672 p.
809 1621 903 1660 284.
954 1617 1014 1659 Cf.
1046 1621 1257 1671 praeterea
1287 1617 1397 1659 Suid.
1420 1632 1450 1659 s.
1471 1632 1509 1673 y.
1532 1618 1660 1658 Filius

231 1692 377 1730 dicitur
421 1691 677 1744 Phrynichus
724 1692 899 1743 tragicus
946 1704 969 1730 a
1014 1690 1140 1730 Suida
1184 1675 1548 1743 Polyphradmonis
1593 1690 1660 1730 vel

231 1763 396 1816 Minyri,
441 1765 509 1803 vel
545 1765 791 1804 Melanthae.
862 1763 1043 1809 Quorum
1088 1763 1296 1803 nominum
1334 1763 1661 1816 Polyphradmon

232 1848 374 1874 verum
395 1832 631 1888 rectumque
652 1837 875 1889 putandum
897 1839 959 1875 est
984 1838 1148 1888 propter
1168 1837 1297 1875 locum
1322 1823 1438 1876 Paus.
1460 1835 1513 1875 X.
1537 1838 1602 1885 31,
1625 1838 1661 1874 2.

232 1908 331 1960 Ipse
361 1911 508 1959 autem,
540 1913 585 1948 ut
615 1922 668 1949 ex
700 1908 826 1949 Suida
856 1912 1035 1962 apparet,
1078 1909 1205 1948 filium
1236 1922 1395 1961 quoque
1424 1909 1564 1948 habuit
1593 1921 1662 1948 no-

235 1981 341 2019 mine
375 1980 742 2034 Polyphradmona.
793 1981 836 2019 Is
868 1981 990 2032 igitur
1020 1980 1275 2032 Phrynichus
1306 1980 1519 2033 Thespidis
1549 1981 1665 2021 disci-

234 2054 355 2105 pulus
377 2054 555 2103 vocatur,
592 2057 632 2092 et
661 2052 866 2092 invenisse
896 2052 1068 2091 traditur
1096 2054 1337 2105 γυναικεῖον
1365 2048 1594 2108 πρόσωπον
1624 2055 1664 2093 et

234 2128 526 2175 tetrametrum,
572 2126 680 2177 quod
711 2125 876 2165 Welck.
906 2124 1011 2176 App.
1048 2138 1085 2176 p.
1118 2127 1198 2165 285
1235 2127 1350 2176 putat
1379 2125 1584 2177 Erigonen
1624 2127 1665 2164 et

236 2197 536 2237 Andromedam
566 2197 765 2250 satyricas
796 2209 887 2236 esse
906 2196 1110 2249 potuisse,
1142 2209 1232 2235 cum
1262 2197 1489 2249 fragmenta
1519 2198 1663 2247 desint,

236 2270 445 2308 diiudicari
489 2270 640 2320 nequit.
700 2267 836 2319 Atque
880 2269 967 2320 ipse
997 2268 1116 2319 Frag.
1158 2281 1196 2320 p.
1229 2272 1281 2308 20
1318 2281 1377 2320 sq.
1422 2270 1665 2310 sententiam

236 2342 400 2381 videtur
433 2344 626 2391 mutasse,
671 2353 761 2380 cum
792 2341 1090 2382 Andromedam
1127 2342 1242 2393 putet
1270 2340 1490 2394 Phrynichi
1526 2343 1665 2382 comici

239 2426 329 2453 esse
360 2412 496 2463 (Arist.
530 2412 636 2454 Nub.
670 2414 777 2463 555).
808 2436 863 2442 —
894 2412 1099 2466 Erigonen
1130 2414 1265 2454 autem
1297 2415 1544 2467 tragoediam
1575 2427 1665 2455 esse

237 2488 431 2541 potuisse.

353 2559 542 2600 Omnium
574 2560 708 2599 autem
740 2559 1109 2611 praestantissimus
1146 2560 1184 2600 in
1216 2560 1487 2613 conponendis
1518 2560 1665 2601 fabulis

240 2635 427 2688 satyricis
467 2633 544 2673 fuit
578 2631 810 2685 Aeschylus
851 2632 911 2680 (cf.
955 2632 1069 2683 Diog.
1108 2632 1239 2672 Laert.
1272 2633 1329 2672 11.
1363 2636 1463 2681 133;
1495 2632 1665 2674 Pausan.

241 2707 299 2748 Π.
333 2710 397 2758 13,
429 2707 483 2758 5.)
552 2705 674 2745 Hunc
703 2705 826 2758 igitur
856 2706 1012 2745 constat
1043 2705 1215 2757 primum
1246 2706 1460 2758 tetralogia
1490 2708 1667 2746 certasse
