1878 3092
1550 146 1613 193 27

194 283 244 322 ab
282 283 381 336 ipsis
420 284 628 323 veteribus
672 282 932 335 scriptoribus
976 282 1175 335 satyricae
1217 283 1492 334 appellentur;
1538 294 1618 321 non

194 356 451 414 nominantur
465 352 635 407 Ἑλένης
654 350 803 409 γάμος,
824 348 951 412 Ἔρις,
963 348 1142 410 Ἴναχος,
1164 349 1385 410 Πανδώρα
1404 347 1433 404 ἢ
1451 365 1616 411 σφυρο-

195 425 331 479 κόποι,
371 429 588 485 Ζωστῆρις
618 431 659 468 et
687 428 901 469 Daedalos
962 427 1044 468 Sed
1078 429 1254 481 priorum
1288 430 1478 481 quattuor
1512 427 1619 479 frag-

195 503 332 542 menta
360 504 499 555 aperte
528 501 747 542 ostendunt
776 501 826 540 de
847 501 1033 554 satyricis
1062 501 1210 541 fabulis
1236 500 1492 553 cogitandum
1515 512 1618 539 esse.

197 573 279 615 Sed
299 574 520 629 Ζωστῆρες
549 573 686 613 fabula
715 574 828 612 nulla
856 573 943 623 fuit,
975 585 1064 612 cum
1095 574 1245 613 librarii
1277 585 1411 613 errore
1432 585 1494 625 ap.
1517 572 1618 612 Poll.

197 646 296 686 VII.
327 649 378 686 68
419 648 513 685 ante
548 644 785 684 Bekkerum
821 657 892 697 pro
929 647 975 686 ὲν
1011 651 1107 693 ταῖς
1134 644 1413 701 Σοφοκλέους
1442 643 1621 698 Κολχίσι

197 719 403 771 legeretur
446 720 492 758 ὲν
537 731 573 758 τ.
615 715 675 757 Σ.
717 715 990 773 Σωστῆρσιν.
1064 718 1290 757 Daedalum
1335 719 1469 756 autem
1512 719 1621 757 recte

198 790 297 830 mihi
326 790 488 830 videtur
517 789 568 829 ad
598 789 818 842 satyricum
847 802 976 841 genus
1007 789 1213 829 rettulisse
1243 790 1307 839 (cf.
1338 789 1462 830 schol.
1489 789 1621 842 Apoll.

199 862 330 903 Rhod.
362 865 399 910 4,
436 865 561 910 1638;
609 862 731 902 schol.
762 862 863 902 Plat.
894 875 932 915 p.
964 864 1072 911 396).
1133 862 1340 902 Nauckius
1370 859 1623 904 σύνδειπνον

199 947 360 988 quoque
391 933 600 988 Sophoclis
641 934 765 974 fuisse
804 934 982 975 fabulam
1020 935 1239 989 satyricam
1283 938 1397 988 putat
1435 936 1624 988 idemque

200 1008 280 1049 iam
309 1009 428 1047 antea
457 1006 698 1057 Brunckius‚
738 1005 969 1047 Boeckhius
1004 1007 1186 1048 fecerunt
1220 1021 1428 1061 nuperque
1457 1006 1506 1049 Gr.
1527 1008 1624 1048 Din-

144 1087 146 1089 '
201 1081 351 1121 dorfius
381 1094 487 1132 corp.
519 1083 623 1133 poet.
645 1093 750 1120 scen.
773 1081 833 1120 ed.
856 1081 903 1120 V.
935 1095 972 1133 p.
998 1084 1087 1131 127,
1117 1082 1347 1133 ibidemque
1377 1081 1625 1121 Brunckium

200 1151 531 1205 Boeckhiumque
561 1154 723 1193 secutus
740 1150 920 1207 Ἀχαιῶν
939 1149 1145 1206 σύλλογον
1166 1155 1206 1193 et
1222 1150 1403 1208 Ἀχαιῶν
1425 1149 1625 1195 σύνδειπ-

202 1207 283 1266 νον·
308 1225 470 1264 diversa
500 1238 590 1264 esse
620 1226 738 1264 unius
767 1225 928 1264 fabulae
957 1226 1119 1265 nomina
1148 1227 1364 1267 contendit.
1416 1226 1498 1266 Sed
1524 1227 1628 1265 hano

203 1296 430 1349 opinionem
463 1296 621 1336 Welck.
654 1295 756 1349 App.
786 1308 825 1349 p.
857 1298 933 1337 169
975 1309 1032 1349 sq.
1075 1298 1177 1338 conl.
1209 1300 1290 1337 292
1322 1299 1363 1337 et
1393 1297 1626 1349 Wagnerus

205 1369 363 1420 Fragm.
402 1372 502 1420 trag.
539 1381 670 1420 graec.
702 1369 735 1408 1.
770 1382 809 1420 p.
840 1372 922 1409 230
957 1382 1014 1420 sq.
1052 1373 1093 1409 et
1127 1384 1166 1422 p.
1202 1373 1283 1410 380
1321 1383 1381 1421 sq.
1450 1369 1627 1409 Schoell.

206 1439 345 1494 Symb.
386 1453 424 1493 p.
454 1442 534 1480 255
575 1439 865 1479 refutaverunt.
925 1438 1016 1479 Hae
1055 1440 1188 1480 sintne
1227 1453 1366 1480 omnes
1405 1452 1457 1480 an
1496 1440 1629 1480 desint

205 1512 402 1564 quaedam
432 1512 593 1551 fabulae
630 1512 829 1563 satyricae
859 1524 882 1550 a
913 1510 1111 1563 Sophocle
1141 1513 1399 1564 compositae,
1445 1515 1630 1552 accurate

206 1584 418 1627 ostendere
438 1596 554 1623 nemo
574 1584 720 1636 potest.
755 1581 873 1629 Quod
894 1582 928 1623 si
944 1582 1156 1624 Welckeri
1176 1584 1225 1623 de
1248 1584 1394 1624 fabulis
1417 1582 1629 1638 Sophoclis

207 1657 448 1710 computatio
479 1669 600 1708 quam
629 1656 802 1696 instituit
831 1656 872 1695 in
902 1657 927 1695 l.
959 1656 1009 1695 de
1041 1656 1170 1708 Frag„
1191 1655 1259 1696 Gr.
1292 1670 1331 1710 p.
1354 1659 1407 1697 64
1436 1670 1496 1709 sq.
1521 1659 1633 1696 recta

208 1732 271 1769 est
291 1732 432 1781 estque
455 1728 675 1781 Sophocles
697 1732 721 1768 4
743 1728 890 1768 fabulis
912 1730 1089 1768 certasse
1110 1729 1419 1780 existimandus,
1451 1731 1633 1782 sequitur

207 1805 253 1841 ut
290 1814 370 1842 non
409 1802 536 1841 multa
575 1801 800 1840 fabularum
843 1801 1109 1853 satyricarum
1147 1802 1309 1841 nomina
1345 1801 1632 1842 interciderint.

209 1874 327 1920 Quod
364 1877 497 1913 autem
536 1875 586 1913 ad
616 1874 843 1913 fabularum
879 1874 985 1913 inter
1015 1887 1058 1912 se
1091 1887 1318 1913 connexum
1349 1877 1517 1927 spectat,
1560 1888 1634 1927 per

215 1960 259 1986 se
289 1947 369 1986 iam
398 1946 617 1986 verisimile
653 1948 716 1985 est
745 1958 834 1985 cum
866 1959 917 1985 ne
946 1946 1177 1998 tragoediae
1213 1947 1375 1998 quidem
1409 1947 1504 1986 illae
1540 1949 1636 1997 tres,

210 2032 313 2073 quae
343 2019 635 2059 antecedebant
673 2018 778 2058 inter
807 2031 851 2058 se
881 2030 1090 2058 connexae
1125 2018 1285 2068 fuerint,
1329 2032 1379 2058 ne
1417 2019 1633 2071 satyricam

211 2093 372 2146 quidem
403 2091 580 2131 fabulam
611 2103 698 2130 cum
730 2090 947 2143 tragoediis
978 2090 1217 2131 cohaesisse.
1267 2090 1401 2142 Atque
1432 2090 1531 2131 haec
1555 2104 1633 2142 res,

211 2167 245 2206 si
274 2177 372 2205 vera
401 2167 472 2214 est,
517 2177 637 2217 quam
667 2164 834 2204 maximi
865 2166 927 2203 est
956 2165 1147 2204 momenti
1178 2164 1228 2203 ad
1258 2164 1466 2204 historiam
1500 2165 1635 2217 poesis

212 2237 410 2290 satyricae
439 2236 730 2274 illustrandam.
782 2235 887 2274 Nam
917 2247 1008 2273 cum
1031 2236 1164 2274 soluta
1185 2238 1294 2274 esset
1324 2237 1445 2274 trium
1474 2237 1635 2275 illarum

211 2309 438 2348 fabularum
468 2310 509 2347 et
536 2308 642 2347 inter
674 2321 718 2347 se
750 2309 791 2347 et
820 2320 909 2346 cum
946 2307 1084 2346 fabula
1118 2308 1293 2359 satyrica
1322 2308 1532 2357 connexim
1577 2308 1636 2347 in·

212 2381 419 2434 tellegitur
448 2380 638 2420 facillime
672 2379 776 2419 hanc
807 2392 831 2419 a
859 2381 998 2419 vetere
1033 2392 1142 2420 more
1179 2381 1301 2432 atque
1336 2384 1481 2420 natura
1516 2380 1636 2432 dege-

214 2466 354 2495 nerare
375 2453 565 2507 potuisse.
597 2451 787 2504 Ceterum
807 2452 1010 2492 laudanda
1030 2453 1093 2491 est
1112 2452 1288 2491 varietas
1309 2455 1637 2504 argumentorum

214 2541 317 2582 quae
360 2527 602 2579 conspicitur
649 2526 690 2565 in
739 2526 885 2565 fabulis
930 2526 1116 2578 satyricis
1162 2525 1383 2579 Sophoclis.
1465 2513 1638 2565 Seou‘tus

216 2600 456 2654 Sophoclem
487 2601 549 2640 est
569 2598 593 2640 J
597 2598 728 2652 ophon
756 2598 876 2649 filius5
907 2598 958 2638 de
988 2611 1066 2650 quo
1096 2611 1134 2639 v.
1159 2597 1321 2639 Welck.
1343 2597 1461 2650 Frag.
1483 2611 1520 2651 p.
1543 2600 1637 2639 975.
1694 2626 1696 2628 -

216 2674 295 2713 Vel
326 2674 375 2712 ab
405 2673 491 2725 ipso
523 2672 790 2724 Aristophane
820 2671 937 2721 (Ran.
961 2674 1011 2712 73
1035 2672 1108 2722 sq.)
1138 2671 1344 2718 laudatum
1391 2671 1463 2710 sed
1495 2671 1564 2720 ita,
1596 2672 1640 2710 ut
