1878 3092
1533 131 1637 198 ‚33

217 279 355 319 fabula
374 276 580 329 Harpalus
610 278 652 314 et
677 273 962 322 Athenienses,
993 272 1063 323 qui
1092 283 1182 310 cum
1211 267 1430 323 Glyceram
1460 269 1637 308 scortum

219 353 257 392 ei
287 351 501 399 misissent,
546 349 683 389 donati
711 348 761 388 ab
791 360 838 387 eo
869 348 994 386 erant.
1053 343 1190 384 Solam
1226 346 1356 383 actam
1391 355 1479 381 eam
1514 341 1640 381 fuisse

218 424 499 465 verisillimum
529 425 592 462 est
620 420 808 472 (Casaub.
840 433 878 473 p.
904 422 999 466 151;
1045 417 1207 457 'Friebel
1240 417 1349 462 119).

274 504 275 508 ’
331 489 517 547 Denique
546 494 781 533 Alexander
811 492 991 540 Aetolus,
1038 492 1088 529 de
1127 503 1204 542 quo
1242 490 1290 528 cf.
1323 488 1486 528 Welck.
1517 488 1639 538 Frag.

219 567 289 610 Gr.
329 582 366 621 p.
399 571 507 609 1263
551 567 708 607 fabulas
752 566 947 619 satyricas
990 564 1152 604 videtur
1195 563 1424 616 scripsisse;
1474 561 1638 601 nomina

219 644 355 681 autem
388 641 614 679 fabularum
644 640 756 678 nulla
785 639 1155 678 commemorantur.
1213 635 1552 686 Fragmentorum
1582 635 1642 672 in-

219 714 355 754 dolem
383 714 418 752 si
451 712 780 761 consideraveris,
825 711 1024 764 satyricae
1060 722 1150 749 esse
1185 709 1365 761 potuisse
1395 707 1643 746 videbuntur

219 786 421 837 Dionysos
452 787 493 824 et
522 784 662 835 Tigon,
706 784 862 822 etiamsi
899 783 949 821 de
987 782 1234 832 argumentis
1271 782 1369 832 ipsis
1407 780 1506 818 nihil
1543 779 1643 817 certi

220 858 367 898 scimus
398 859 439 897 et
466 856 648 908 „Tigon“
678 857 750 896 vix
780 859 889 895 recte
920 868 963 894 se
993 855 1143 893 habere
1173 855 1316 906 potest.

334 928 641 981 composuimus
671 929 706 966 h.
728 930 755 967 l.
777 941 845 967 eos
874 930 1014 979 poetas
1045 926 1237 974 scenicos,
1268 939 1368 976 quos
1399 929 1469 963 aut
1494 925 1642 962 scimus

221 1004 290 1042 aut
318 1002 546 1041 coniectura
574 1001 736 1052 assequi
772 1012 984 1052 possumus
1020 999 1061 1038 in
1091 998 1238 1037 fabulis
1269 997 1455 1050 satyricis
1485 1009 1644 1049 compo-

152 1115 155 1117 .
220 1075 363 1114 nendis
391 1078 575 1114 versatos
610 1087 711 1112 esse.
769 1073 926 1121 Restat,
971 1074 1017 1111 ut
1057 1085 1161 1123 quae
1197 1074 1287 1124 post
1317 1071 1524 1122 Aeschyli,
1572 1069 1643 1109 So—

221 1147 387 1199 phoclis,
434 1145 638 1197 Euripidis
673 1148 847 1184 aetatem
886 1148 999 1183 actae
1036 1147 1130 1183 sunt
1168 1144 1341 1192 fabulae,
1387 1144 1551 1182 solaene
1589 1155 1641 1180 an

221 1230 312 1257 cum
351 1202 567 1268 tragoediis
608 1217 841 1255 coniunctae
885 1220 997 1255 actae
1040 1216 1131 1264 sint,
1177 1218 1415 1267 exponatur.
1487 1214 1643 1259 Quodsi

221 1290 392 1341 ‚,Agen“
422 1290 558 1328 fabula
587 1301 659 1340 per
679 1301 723 1327 se
753 1289 838 1327 sola
859 1292 947 1326 acta
977 1293 1050 1335 est,
1081 1300 1158 1326 non
1180 1291 1253 1335 est,
1285 1300 1355 1326 cur
1382 1287 1489 1325 idem
1510 1289 1644 1325 aetate

221 1362 442 1415 posteriore
486 1361 646 1412 saepius
685 1360 833 1399 sactum
877 1372 1082 1410 negemus.
1141 1359 1257 1398 Addo
1297 1360 1435 1407 fuisse,
1480 1360 1549 1411 qui
1590 1372 1643 1397 ex

221 1436 405 1473 veterum
435 1432 784 1484 grammaticorum
814 1432 1028 1470 latinorum
1059 1432 1155 1470 locis
1186 1432 1423 1482 colligerent
1443 1433 1509 1470 vel
1539 1432 1645 1470 inter

222 1508 359 1560 plures
394 1505 622 1557 tragoedias
658 1504 836 1543 fabulam
872 1504 1087 1557 satyricam
1124 1510 1253 1543 actam
1292 1517 1392 1543 esse.
1455 1502 1520 1542 Sic
1550 1503 1644 1542 Dio-

222 1580 362 1618 medes
390 1592 428 1629 p.
450 1581 530 1617 455
547 1575 609 1625 Gn,
640 1580 720 1616 488
737 1576 792 1624 P„
828 1577 895 1614 ubi
925 1577 975 1614 de
1005 1576 1153 1614 fabulis
1182 1574 1428 1614 Graecorum
1458 1577 1644 1628 satyricis

223 1651 411 1703 loquitur,
457 1650 640 1689 inductos
671 1662 761 1688 esse
797 1651 956 1701 satyros
986 1649 1093 1698 dicit,
1138 1651 1182 1688 ut
1217 1649 1484 1701 spectantium
1522 1650 1644 1688 animi

221 1724 328 1761 inter
365 1734 431 1760 res
470 1723 643 1772 tragicas
684 1723 889 1772 seriasque
928 1726 1156 1773 satyrorum
1194 1722 1291 1760 iocis
1330 1722 1642 1764 delectarentur.

224 1793 380 1835 Similia
409 1794 505 1833 dicit
533 1794 633 1833 Mar.
656 1794 803 1833 Victor.
827 1794 884 1833 H.
906 1797 959 1848 4,Δ
977 1795 1041 1843 22,
1072 1807 1109 1846 p.
1136 1796 1211 1833 109
1243 1807 1319 1846 sq.;
1352 1792 1419 1834 Gr.
1443 1807 1481 1846 p.
1504 1796 1583 1834 527
1602 1794 1644 1834 P.

224 1867 332 1906 Hinc
370 1880 404 1906 e.
434 1880 472 1917 g.
510 1865 784 1916 Casaubonus,
829 1867 929 1906 alios
974 1871 1018 1906 ut
1063 1874 1228 1915 taceam,
1273 1869 1378 1906 inter
1417 1870 1644 1920 complures

222 1939 441 1991 tragoedia,
486 1939 686 1978 interdum
726 1941 854 1978 actam
894 1939 1006 1978 illam
1042 1953 1131 1978 esse
1162 1940 1329 1979 coniecit
1365 1954 1401 1992 p.
1435 1943 1499 1980 99.
1560 1940 1642 1980 Sed

224 2012 368 2051 mirum
397 2014 470 2060 est,
512 2011 615 2062 quod
647 2023 671 2049 a
700 2012 844 2050 ceteris
875 2012 1134 2063 scriptoribus
1164 2012 1265 2051 nihil
1295 2013 1377 2051 tale
1407 2025 1644 2053 commemo-

222 2087 345 2124 ratur.
405 2084 561 2123 Deinde
598 2085 667 2122 aut
701 2084 947 2123 auctoritatis
991 2084 1210 2136 quidquam
1252 2085 1332 2123 illis
1372 2086 1645 2136 grammaticis

223 2157 493 2205 tribuendum,
529 2163 598 2195 aut
627 2170 678 2195 ex
709 2156 790 2195 illis
820 2157 918 2196 locis
947 2158 1174 2197 necessario
1204 2159 1521 2198 concludendum
1554 2173 1645 2198 esse

224 2230 330 2282 quod
375 2229 648 2277 CasaubonuS,
694 2229 762 2267 alii
792 2230 1094 2285 contenderunt,
1138 2243 1301 2282 prorsus
1348 2244 1465 2281 nego.
1540 2231 1645 2270 Nam

223 2302 257 2341 si
289 2302 369 2341 tale
399 2301 494 2353 quid
525 2315 577 2340 ex
607 2302 688 2340 illis
717 2302 853 2341 verbis
882 2304 1076 2355 sequitur,
1116 2317 1287 2356 semper,
1333 2317 1411 2343 non
1442 2306 1644 2344 interdum

223 2374 439 2424 tragoediis
459 2374 688 2412 interiectas
710 2387 800 2413 esse
820 2375 977 2414 fabulas
1002 2377 1199 2428 satyricas
1220 2378 1519 2416 concedendum
1550 2379 1645 2425 erit3

224 2446 331 2497 quod
375 2446 555 2497 ineptum
604 2449 676 2485 est.
744 2445 831 2485 Nec
874 2447 1006 2486 minus
1049 2447 1184 2500 inepte
1228 2448 1391 2499 quidam
1437 2463 1490 2488 ex
1532 2448 1643 2489 Suid.

223 2518 360 2558 verbis
380 2532 418 2555 v.
439 2518 698 2572 καλλίμαχος
718 2535 787 2557 —-:
819 2515 1026 2575 σατυρικὰ
1045 2517 1259 2575 δράματα,
1280 2521 1528 2576 τραγῳδίαι,
1561 2537 1643 2562 κω-

223 2589 394 2645 μῳδίαι,
417 2591 505 2631 aliis
525 2592 639 2641 locis,
665 2594 758 2632 ante
779 2593 1005 2644 tragoedias
1026 2597 1135 2634 actas
1157 2608 1247 2634 esse
1268 2595 1425 2635 fabulas
1448 2596 1645 2649 satyricas

224 2665 485 2717 collegerunt.
