1878 3092
1557 166 1617 213 31

307 285 529 345 Chaeremo
578 300 727 352 (Frieb.
772 315 810 355 p.
842 303 893 343 79
924 313 985 354 sq.
1023 300 1184 343 Welck.
1225 313 1262 354 p.
1311 301 1417 341 1082
1462 300 1538 354 sq.)
1582 301 1623 341 in

202 388 339 415 eorum
368 373 610 425 tragicorum
640 374 716 413 fuit
744 386 909 413 numero
940 374 1007 425 qui
1037 370 1348 426 ἁναγνωστικοὶ
1378 373 1624 413 vocabantur

200 445 365 486 Aristot.
396 446 511 486 Phet.
541 445 623 485 ΙΙΙ.
658 447 735 495 12).
794 445 901 496 „Jo“
936 458 960 484 a
991 445 1210 486 Welckero
1242 444 1345 497 App.
1375 459 1412 498 p.
1444 447 1525 486 228
1561 459 1622 497 sq.

202 518 378 571 satyrica
405 517 630 557 habebatur
658 518 805 567 fabula,
842 518 912 557 sed
943 518 985 557 in
1016 517 1210 569 Tragoed.
1233 515 1301 556 Gr.
1332 531 1369 570 p.
1395 519 1503 557 1090
1533 530 1623 556 sen-

115 598 118 600 ’
201 590 369 631 tentiam
415 603 529 631 suam
572 592 744 631 mutavit
785 591 1071 643 contenditque
1113 590 1270 631 fabulas
1311 592 1507 645 satyricas
1549 591 1623 630 vix

201 663 253 704 ad
300 664 520 715 legendum
567 663 693 703 fuisse
741 665 991 717 compositas.
1065 663 1188 704 Notat
1233 664 1381 703 ibidem
1419 667 1471 716 (p.
1514 666 1623 704 1090

170 735 292 775 1adn.
338 736 407 784 17)
450 735 696 777 Friebelium
740 737 847 788 quod
890 737 1022 776 omnia
1064 736 1291 775 fabularum
1335 734 1622 775 Chaeremonis

201 800 429 859 fragmenta
477 809 663 861 satyricis
705 809 852 848 fabulis
896 810 1164 861 adscripserit.
1235 808 1317 848 Sed
1356 808 1487 848 Frieb.
1532 821 1622 847 cum

201 892 238 933 p.
262 881 313 919 79
336 879 443 920 dicat
470 880 766 933 tragoediarum
797 894 956 934 quoque
986 882 1071 921 eius
1101 881 1291 934 reliquias
1322 882 1495 921 colorem
1524 893 1622 934 prae

166 985 168 988 ⁴
202 966 246 993 se
276 953 382 993 ferre
413 954 656 1004 suaviorem,
687 954 928 1005 hilariorem,
960 955 1253 994 comaediarum
1284 954 1474 994 lasciviae
1503 955 1623 1005 atque

200 1026 448 1079 petulantiae
497 1027 912 1079 accommodatiorem,
976 1028 1063 1080 ipse
1124 1027 1284 1066 videtur
1347 1027 1396 1066 de
1453 1026 1622 1079 singulis

162 1095 166 1096 ⁷
200 1099 348 1140 fabulis
383 1100 590 1140 dubitasse
632 1113 801 1153 eamque
845 1101 894 1141 ob
924 1113 1086 1141 causam
1120 1113 1258 1141 omnes
1294 1101 1485 1152 reliquias
1520 1100 1621 1139 libro

200 1184 271 1211 suo
302 1172 533 1222 inseruisse,
564 1185 642 1213 non
674 1175 807 1213 tamen
839 1176 1052 1226 propterea
1072 1174 1179 1225 quod
1206 1174 1241 1213 ei
1264 1186 1402 1213 omnes
1423 1174 1622 1226 satyricae

200 1258 290 1285 esse
325 1245 570 1286 viderentur.
645 1245 727 1286 Sed
768 1249 903 1286 tamen
948 1260 1068 1299 quam
1110 1260 1231 1300 supra
1274 1248 1400 1286 adtuli
1445 1259 1618 1296 causam,

200 1329 279 1370 qua
309 1318 452 1357 ductus
484 1317 731 1358 Welckerus
762 1319 956 1371 satyricas
987 1319 1143 1357 fabulas
1174 1331 1198 1357 a
1229 1317 1504 1358 Chaeremone
1541 1331 1621 1357 non

199 1390 438 1443 compositas
470 1404 557 1430 esse
588 1392 755 1444 putavit,
786 1404 834 1432 ea
862 1404 1007 1432 vereor
1033 1405 1084 1431 ne
1105 1392 1219 1450 nulla
1239 1392 1300 1432 sit.
1360 1389 1504 1444 Neque
1522 1403 1619 1431 vero

198 1476 269 1516 pro
300 1465 408 1502 certo
440 1463 629 1502 affirmari
659 1466 791 1515 potest
811 1476 1007 1515 quaenam
1039 1465 1200 1503 fabulae
1229 1465 1379 1504 fuerint
1408 1464 1644 1519 satyricae.-

197 1533 334 1586 Atque
363 1535 629 1588 ‚‚Di0nysos“‚
660 1535 771 1574 cuius
793 1540 1074 1587 argumentum
1104 1536 1210 1575 idem
1231 1539 1351 1588 atque
1372 1535 1620 1575 Baccharum

198 1605 403 1659 Euripidis
451 1606 576 1645 fuisse
625 1606 780 1656 dicitur,
835 1620 979 1646 revera
1034 1608 1193 1647 videtur
1242 1608 1448 1660 tragoedia
1494 1607 1620 1647 fuisse

197 1678 623 1731 (Welck.p.1090).
688 1679 750 1719 De
789 1679 892 1720 Jone
928 1680 1052 1719 nolim
1091 1680 1330 1727 discernere,
1375 1681 1447 1720 sed
1485 1683 1619 1721 tamen

192 1746 393 1793 Ὀδυσσέα
424 1746 707 1807 Θερσικτόνον
739 1754 903 1805 propter
932 1753 1158 1804 argumenti
1188 1756 1372 1793 naturam
1402 1754 1618 1808 satyricam

197 1824 385 1863 existimo
434 1825 571 1864 fuisse.
638 1824 743 1863 Nam
781 1824 1007 1863 Thersitem
1055 1826 1097 1864 in
1142 1839 1305 1864 numero
1359 1839 1618 1877 personarum

195 1896 452 1937 ridicularum
482 1896 664 1937 habitum
696 1909 786 1936 esse
816 1898 975 1938 scimus.
1041 1898 1188 1947 (Frieb.
1220 1912 1257 1950 p.
1291 1900 1369 1948 13).
1437 1899 1497 1938 De
1527 1912 1618 1939 cen-

196 1969 310 2008 tauro
341 1969 560 2008 verisimile
590 1968 782 2008 iudicavit
804 1968 1028 2009 Welkerus
1058 1983 1094 2021 p.
1120 1972 1224 2009 1091
1258 1983 1317 2021 sq.
1349 1972 1400 2019 (v.
1423 1971 1512 2010 adn.
1536 1972 1617 2021 19.)

312 2040 602 2080 Timesitheum
637 2054 691 2080 ex
722 2039 846 2080 Suida
884 2042 1032 2080 scimus
1077 2043 1303 2094 tragoedias
1348 2046 1531 2095 (eamque
1568 2045 1617 2084 ob

194 2125 356 2153 causam
392 2115 657 2167 satyricarum
695 2127 853 2166 quoque
891 2115 1131 2163 fabularum)
1173 2117 1455 2168 composuisse.
1515 2117 1617 2157 Rec-

194 2188 315 2238 teque
347 2186 593 2228 Welckerus
625 2187 729 2239 App.
760 2200 798 2239 p.
822 2190 903 2228 288
935 2190 975 2227 et
1005 2187 1124 2240 Frag.
1155 2202 1192 2241 p.
1216 2191 1322 2229 1047
1355 2203 1408 2228 ex
1438 2189 1495 2229 eis
1517 2202 1617 2242 quas

195 2258 340 2300 Suidas
383 2261 514 2300 adfert
558 2261 704 2300 fabulis
751 2261 969 2312 satyricam
1006 2261 1103 2301 dicit
1136 2262 1262 2302 fuisse
1300 2257 1437 2312 Ζηνὸς
1474 2259 1615 2315 γονάς.

194 2329 320 2369 Addit
340 2331 458 2383 Frag.
480 2346 517 2385 p.
537 2335 642 2372 1046
655 2329 873 2388 ἹΙρακλέα
893 2346 1052 2385 quoque
1075 2335 1292 2387 satyricam
1314 2347 1404 2373 esse
1424 2336 1615 2387 potuisse.

193 2402 330 2444 Potuit
358 2417 473 2454 sane3
511 2405 684 2445 fueritne
718 2409 788 2446 aut
827 2406 922 2457 quid
960 2407 1211 2457 continuerit,
1248 2408 1289 2447 in
1327 2408 1457 2448 medio
1495 2410 1615 2448 relin-

130 2513 132 2515 ,
193 2476 397 2528 quendum
427 2479 500 2517 est.

306 2548 457 2590 Omnes
501 2551 577 2590 hae
618 2550 779 2589 fabulae
824 2552 1024 2603 satyricae
1070 2564 1238 2603 quarum
1284 2554 1485 2604 postremo
1527 2554 1613 2593 loco

192 2619 323 2670 (Jonis
344 2624 542 2662 eteorum
572 2622 640 2676 qui
660 2623 864 2673 secuntur)
894 2623 970 2663 feci
995 2624 1250 2674 mentionem,
1281 2625 1423 2676 quales
1453 2625 1613 2676 fuerint,

193 2694 265 2734 vix
293 2698 428 2747 potest
457 2697 640 2737 discerni.
702 2696 783 2736 Sed
802 2697 881 2736 iam
901 2697 995 2736 inde
1017 2711 1041 2736 a
1062 2697 1272 2750 Sophoclis
1288 2699 1420 2738 aetate
1436 2698 1614 2738 fabulam
