1878 3092
1572 140 1632 185 11

215 279 368 320 Mulier
410 278 583 330 (Etrusc.
614 279 671 321 ΙΙ.
701 292 739 332 p.
768 278 865 329 215)
909 277 1116 318 contendit
1158 278 1200 316 et
1243 278 1287 316 ut
1330 276 1427 316 mihi
1463 274 1636 326 videtur,

215 352 475 405 probabiliter
503 352 805 393 demonstravit.
864 352 930 391 Ad
960 352 1091 404 ipsum
1120 351 1244 403 igitur
1275 349 1459 390 Silenum
1487 349 1637 389 Pollux

215 425 339 465 refert
369 428 587 482 χορταῖον,
628 425 791 480 χιτῶνα
826 424 974 474 δασὺν,
1020 437 1124 477 quae
1162 426 1225 465 est
1254 423 1381 464 vestis
1417 422 1468 462 ad
1504 434 1638 474 genua

214 510 343 550 usque
380 497 560 537 defluens
591 500 631 537 et
660 498 711 536 ad
740 510 869 549 genus
899 497 1232 537 vestimentorum
1269 510 1322 536 ex
1357 495 1533 548 pellibus
1562 494 1637 533 vil-

214 569 311 610 losis
340 570 535 610 factorum
566 569 779 622 pertinent,
811 570 861 609 de
891 569 1035 621 quibus
1056 569 1204 609 Pollux
1229 568 1451 618 (Wieseler
1479 581 1517 621 p.
1539 567 1637 617 661)

214 642 390 695 loquitur
431 642 530 682 VII.
578 644 641 681 70.
720 641 935 681 Praeterea.
979 640 1143 692 Silenus
1186 641 1350 681 indutus
1395 640 1637 693 conspicitur

214 711 478 769 ἀναξυρίσιν,
525 714 575 753 de
605 714 749 765 quibus
782 714 987 754 Wieseler
1021 711 1200 766 disputat
1229 727 1265 766 p.
1292 717 1385 763 661,
1418 715 1511 762 672,
1544 715 1636 752 681.

216 785 321 827 Sunt
349 789 484 826 autem
515 800 568 826 ex
602 786 776 840 pellibus
806 787 961 827 villosis
998 799 1207 840 caprarum
1237 786 1452 838 oviumque
1483 786 1553 825 aut
1583 797 1637 824 ex

215 859 294 898 alia
323 859 490 898 materia
519 859 660 899 factae.
720 859 935 899 Praeterea
967 858 1095 899 Sileni
1134 871 1308 911 persona
1346 859 1431 897 fere
1470 859 1638 898 barbata

215 933 279 970 est
298 930 484 981 (Wiesel.
514 944 550 984 p.
574 931 679 979 632).
732 932 781 971 In
805 944 901 972 vase
930 932 999 972 illo
1030 932 1180 971 hedera
1200 944 1360 983 quoque
1380 931 1422 969 et
1441 930 1637 983 stephane

215 1006 378 1043 ornatus
408 1007 470 1043 est
500 1002 674 1044 Silenus.
734 1005 921 1043 Manibus
952 1007 1086 1044 autem
1118 1005 1316 1053 baculum,
1346 1003 1494 1055 pedum
1525 1003 1637 1055 thyr-

215 1088 357 1115 sumve
400 1076 606 1128 gestabat3
656 1077 697 1116 in
739 1075 919 1131 Cyclope
961 1075 1169 1129 Euripidia
1211 1075 1392 1132 σιδηρᾶν
1438 1070 1638 1134 ἁρντάγην

215 1150 349 1199 gestat
387 1149 440 1198 (v.
471 1150 552 1199 33).
619 1149 712 1188 Fuit
751 1154 896 1198 autem,
941 1153 987 1188 ut
1026 1150 1164 1202 satyri,
1211 1150 1390 1201 partibus
1430 1149 1637 1201 praeditus

215 1221 432 1261 bestiarum
442 1237 451 1269 ;
484 1222 587 1273 equi,
618 1222 734 1272 tauri,
765 1222 884 1273 capri,
916 1222 1027 1261 asini.
1067 1221 1131 1260 Ab
1153 1235 1255 1273 equo
1277 1221 1453 1260 maxime
1474 1221 1636 1261 laudam

215 1295 417 1346 sumptam
456 1294 641 1333 videmus
684 1294 888 1343 (Philostr.
920 1293 1001 1334 Sm.
1034 1295 1066 1333 J..
1098 1298 1150 1334 22
1192 1289 1240 1335 τὸ
1281 1294 1348 1334 ἐπὶ
1388 1288 1443 1333 τὰ
1483 1290 1636 1349 οὐραῖα

214 1366 362 1417 ἵππου)
394 1366 555 1407 Welck.
585 1379 622 1419 p.
650 1369 743 1413 217,
774 1367 845 1406 sed
876 1379 1161 1419 nomumquam
1191 1367 1311 1406 etiam
1340 1367 1465 1420 pedes
1496 1364 1634 1416 (Gerh.

215 1438 261 1477 A.
289 1439 332 1478 V.
355 1439 387 1478 Ι.
411 1440 519 1490 184),
564 1452 681 1479 aures
712 1438 774 1489 (O.
795 1439 820 1479 J
824 1440 965 1479 ahnius
987 1440 1082 1480 Vas.
1113 1453 1150 1493 p.
1176 1440 1256 1489 10),
1302 1452 1325 1478 a
1354 1441 1458 1479 bove
1488 1451 1636 1479 cornua

212 1512 430 1564 pedesque,
471 1525 494 1552 a
523 1525 641 1565 capro
673 1513 864 1565 asinoque
895 1526 1022 1553 aures.
1083 1513 1177 1553 Fuit
1206 1513 1327 1553 etiam
1357 1516 1440 1553 toto
1470 1524 1635 1565 corpore

213 1584 424 1637 capillatus
454 1585 590 1635 (Prell.
613 1586 638 1625 l.
659 1587 684 1626 l.
706 1599 742 1639 p.
766 1587 846 1627 578
855 1602 864 1634 ;
897 1586 1047 1626 Miiller
1069 1585 1187 1626 Arch.
1209 1585 1243 1638 ἓ.
1266 1588 1360 1636 386,
1389 1587 1412 1626 5
1421 1601 1430 1634 3
1464 1584 1634 1625 Wiesel.

213 1671 251 1709 p.
283 1660 363 1698 685
394 1659 479 1709 sq).
548 1658 640 1698 Jam
684 1660 717 1698 si
757 1659 998 1710 quaerimus,
1040 1658 1202 1699 Silenus
1242 1672 1339 1697 num
1377 1659 1428 1698 ad
1471 1658 1636 1698 chorum

214 1743 264 1770 an
309 1730 359 1769 ad
403 1730 617 1771 histriones
666 1731 877 1784 pertineat,
926 1734 1036 1772 recte
1076 1731 1329 1772 Wieselerus
1377 1744 1415 1784 p.
1458 1732 1541 1771 590
1584 1730 1635 1770 ad

213 1804 428 1843 histriones
459 1816 551 1843 eum
580 1804 782 1856 pertinere
812 1805 908 1845 dicit
937 1805 1182 1856 adnotatque
1215 1805 1322 1844 idem
1353 1804 1636 1855 conligendum

214 1889 305 1917 esse
335 1890 388 1917 ex
410 1875 507 1931 Hor.
524 1875 571 1918 A.
593 1876 635 1916 P.
658 1879 751 1927 239,
783 1878 850 1918 ubi
879 1876 1054 1929 „Custos
1085 1879 1339 1931 famulusque
1370 1877 1434 1917 dei
1455 1875 1636 1928 (Bacchi)

216 1949 377 1990 Silenus
407 1939 583 1990 alumni“
619 1963 709 1990 cum
739 1951 853 1991 Davo
884 1953 925 1990 et
954 1951 1103 2004 Pythia
1132 1953 1200 2004 qui
1230 1952 1444 1991 histriones
1475 1950 1635 1999 fuerint,

214 2022 488 2075 coniungatur.
550 2022 684 2076 Atque
723 2023 764 2063 in
804 2020 983 2078 Cyclope
1021 2037 1180 2078 quoque
1212 2023 1373 2065 Silenus
1409 2023 1635 2064 necessario

215 2095 265 2134 ad
300 2095 515 2134 histriones
555 2098 617 2134 est
656 2097 903 2146 referendus,
948 2098 1053 2147 quod
1092 2098 1271 2137 fabulam
1301 2097 1528 2149 perlegenti
1558 2109 1636 2136 non

214 2168 348 2220 potest
378 2167 542 2207 dubium
574 2181 675 2209 esse.

326 2240 418 2280 Jam
449 2241 499 2280 ad
529 2244 689 2294 satyros
718 2242 826 2294 ipsos
857 2247 1119 2282 transeamus.
1180 2242 1314 2295 Atque
1344 2243 1516 2296 primum
1546 2255 1635 2282 cum

216 2312 379 2354 Silenus
409 2314 459 2353 ad
490 2309 703 2354 histriones
732 2315 1107 2368 pertineat,‘sitque
1136 2316 1170 2355 is
1201 2329 1224 2355 a
1253 2316 1419 2356 Polluce
1449 2316 1523 2357 IV.
1556 2319 1635 2358 132

215 2399 306 2426 cum
335 2383 505 2442 σατύρῳ
534 2386 668 2440 πολιῷ
689 2390 761 2427 cet.
794 2388 1049 2443 compositus,
1082 2389 1302 2429 verisimile
1333 2392 1396 2430 est
1425 2390 1546 2429 etiam
1576 2402 1637 2429 sa-

214 2461 328 2512 tyros
371 2459 585 2499 histriones
631 2472 720 2500 esse
761 2461 952 2513 potuisse.
1011 2462 1180 2503 Wiesel.
1219 2476 1255 2515 p.
1288 2465 1381 2503 594.
1441 2461 1522 2503 Sed
1562 2463 1637 2503 hoc

216 2533 375 2572 videtur
403 2535 511 2571 certe
542 2545 620 2571 non
650 2533 843 2572 usitatum
872 2534 1007 2573 fuisse.

328 2605 528 2645 Personae
572 2606 693 2658 igitur
738 2606 963 2646 nominatae
1006 2608 1262 2660 reperiuntur
1299 2621 1322 2648 a
1360 2608 1523 2648 Polluce
1553 2610 1578 2649 1.
1611 2610 1636 2649 l.

215 2674 397 2734 σάτυρος
425 2678 584 2727 πολιός,
625 2674 808 2732 σάτυρος
836 2679 1019 2732 γενειῶν,
1065 2676 1248 2737 σάτυρος
1277 2678 1484 2734 ἀγένετος.
1543 2681 1638 2722 Alia
