1878 3092
1600 130 1628 177 9

211 287 289 328 per
313 274 441 315 totum
475 274 574 313 illud
610 275 782 325 tempus,
828 284 907 324 quo
936 271 1071 311 floruit
1105 272 1174 310 aut
1211 270 1288 309 fuit
1316 269 1462 309 saltem
1497 266 1631 320 poesis

212 347 399 400 satyrica,
443 346 484 386 in
520 346 672 385 deliciis
707 345 832 385 fuisse
868 344 1087 385 ostendunt
1121 342 1368 396 perditarum
1403 341 1630 380 fabularum

174 438 188 445 ‘
211 419 373 459 nomina
401 422 442 458 et
469 418 706 470 fragmenta.
767 420 900 470 Atque
930 429 1024 457 casu
1059 417 1210 457 factum
1239 417 1313 463 est,
1357 416 1402 453 ut
1431 413 1546 453 nobis
1577 425 1630 451 ex

210 492 286 545 hoc
306 503 456 543 genere
475 504 555 531 una
573 492 731 543 integra
751 493 993 531 servaretur.
1037 489 1241 529 Plurimae
1262 473 1397 528 autem
1418 486 1632 536 (Welcker

209 577 248 616 p.
278 565 375 612 318)
413 563 574 602 fabulae
603 564 651 602 ad
684 563 904 603 Herculem
935 562 1171 615 spectabant
1200 574 1326 612 usque
1357 572 1519 612 vagum,
1561 571 1630 598 vo-

210 648 341 675 racem
367 638 489 687 atque
518 636 710 685 bibacem,
741 635 813 674 sed
833 637 926 674 sunt
957 647 1094 674 earum
1115 634 1193 673 duo
1223 645 1374 684 genera
1403 631 1629 681 statuenda,

210 708 304 760 quia
332 708 373 747 in
402 708 606 747 nonnullis
646 708 792 747 fabulis
823 707 1034 759 primariis,
1074 707 1114 745 in
1145 706 1350 745 nonnullis
1383 704 1629 744 secundariis

210 780 391 831 fungitur
419 779 613 832 partibuS,
649 781 693 817 ut
721 780 761 818 in
792 779 862 827 eis,
901 778 970 816 ubi
999 763 1178 816 mon'stra
1207 777 1470 828 hominesque
1499 775 1631 827 perni-

210 853 338 892 ciosos
386 851 584 891 interficit.
662 851 876 890 Praeterea
919 851 1049 904 mythi
1093 850 1327 902 Dionysiaci
1374 848 1631 901 reperiuntur

210 925 368 965 tractati
396 927 448 974 (v.
471 924 668 965 Welcker
696 937 733 977 p.
756 926 864 972 296).
918 923 951 961 A
983 922 1181 975 Sophocle
1212 926 1346 962 autem
1377 922 1629 973 potissimum

210 999 319 1038 aliud
354 1011 483 1049 genus
519 998 745 1037 institutum
786 1000 848 1036 est
886 998 1111 1036 fabularum
1157 998 1209 1045 (V.
1233 995 1430 1036 Welcker
1459 1009 1496 1048 p.
1529 997 1626 1042 304;

211 1069 372 1110 Friebel
401 1082 439 1122 p.
464 1070 542 1119 15),
586 1070 626 1108 in
662 1082 739 1122 quo
774 1069 962 1108 iuvenilis
999 1069 1254 1121 pulchritudo
1293 1070 1521 1122 satyrorum
1562 1068 1630 1106 ad-

209 1140 460 1181 mirationem
490 1143 829 1193 cupiditatemque
859 1143 1072 1181 excitabat.
1124 1141 1216 1180 Huc
1236 1141 1422 1180 Helenae
1451 1141 1628 1193 nuptiae,

207 1214 379 1255 Achillis
410 1216 621 1263 amatores,
652 1215 755 1253 aliae
781 1214 942 1253 fabulae
971 1214 1184 1266 pertinent.
1235 1214 1391 1253 Deinde
1421 1214 1462 1253 di
1490 1213 1567 1265 ipsi
1589 1216 1630 1252 et

209 1299 404 1340 personae
426 1286 665 1338 allegoricae
695 1286 946 1325 introductae
966 1287 1232 1337 reperiuntur,
1263 1289 1308 1324 ut
1328 1299 1381 1324 ex
1401 1285 1629 1329 nominibus

210 1360 413 1399 nonnullis
443 1358 693 1410 intellegitur
722 1358 786 1407 (ef.
810 1358 983 1398 Aristiae
1003 1356 1140 1415 Κῆρες
1169 1357 1323 1398 Achaei
1352 1357 1520 1415 Μοῖραι,
1549 1344 1628 1406 al).

209 1433 417 1473 Postremo
443 1431 599 1481 heroes,
629 1430 842 1484 principeS,
874 1432 1104 1471 sacerdotes
1125 1433 1353 1485 satyrorum
1383 1431 1479 1471 iocis
1509 1436 1631 1484 atque

209 1506 307 1545 risui
346 1505 489 1544 obiecti
529 1507 625 1543 sunt
668 1504 753 1553 (W.
784 1516 822 1554 p,
847 1506 955 1554 315).
1016 1503 1073 1544 Ut
1110 1517 1206 1543 vero
1250 1506 1383 1553 poesis
1431 1506 1631 1558 satyricae

208 1578 364 1618 indoles
394 1589 441 1617 ac
470 1579 614 1617 natura
644 1578 764 1628 plene
793 1578 1066 1630 intellegatur,
1101 1576 1152 1616 dc
1183 1576 1240 1616 eis
1271 1577 1494 1617 accuratius
1524 1590 1631 1616 nunc

211 1650 499 1699 disputandum
528 1652 603 1699 est,
649 1662 672 1689 a
701 1650 848 1701 quibus
887 1650 975 1700 ipsa
1013 1652 1085 1690 illa
1118 1651 1251 1699 poesis
1289 1663 1435 1689 nomen
1464 1651 1630 1699 accepit,

208 1722 259 1762 de
288 1722 449 1776 satyris,
499 1722 656 1763 Deinde
686 1735 790 1775 quae
820 1722 870 1763 ad
901 1723 1155 1772 exteriorem,
1186 1725 1231 1762 ut
1259 1722 1316 1762 ita
1345 1722 1488 1772 dicam,
1518 1721 1630 1761 fabu-

208 1796 339 1835 larum
368 1796 530 1835 illarum
560 1796 728 1835 formam
758 1796 959 1845 pertinere
989 1797 1245 1846 videbuntur,
1277 1795 1457 1835 adiciam.

321 1866 491 1922 Satyros
511 1873 658 1919 autem,
690 1882 743 1908 ex
764 1869 908 1921 quibus
930 1868 1095 1908 chorum
1116 1869 1381 1923 satyricarum
1402 1867 1630 1907 fabularum

206 1939 332 1979 fuisse
362 1942 625 1990 compositum
657 1942 816 1989 scimus,
848 1944 987 1980 notum
1017 1945 1080 1981 est
1107 1942 1233 1981 fuisse
1258 1941 1459 1994 (Dionysi)
1480 1939 1631 1980 Bacchi

206 2013 383 2054 comites.
443 2014 499 2054 Hi
527 2014 650 2066 igitur
687 2015 727 2054 in
758 2014 871 2054 silvis
902 2014 1186 2067 montibusque
1216 2014 1462 2063 habitabant,
1506 2025 1629 2053 vena-

206 2085 362 2136 bantur,
403 2097 548 2136 pecora
577 2087 807 2137 pascebant,
853 2098 942 2126 cum
972 2085 1131 2128 Baccho
1162 2087 1471 2136 bacchabantur,
1509 2086 1629 2138 genio

206 2159 377 2199 bibendo
408 2159 660 2212 escandoque
690 2160 966 2212 indulgebant.
1026 2160 1129 2201 Sunt
1158 2163 1292 2200 autem
1323 2171 1483 2209 semper
1515 2160 1629 2199 inex-

205 2231 345 2281 plebili
389 2233 562 2283 quadam
610 2233 775 2272 libidine
820 2234 971 2273 incitati
1015 2234 1246 2285 habentque
1292 2233 1425 2289 etiam*
1456 2233 1497 2272 in
1541 2233 1627 2283 ipso

205 2304 382 2353 corporis
402 2304 542 2343 habitu
562 2306 771 2356 quaedam,
803 2318 906 2357 quae
929 2307 986 2345 eis
1008 2309 1102 2345 sunt
1121 2319 1212 2345 cum
1232 2306 1371 2345 bestiis
1392 2306 1627 2345 eommunia.
1674 2340 1685 2347 .

206 2374 308 2415 Cum
339 2378 481 2415 autem
505 2377 595 2415 aliis
625 2378 872 2427 temporibus
902 2379 1006 2418 aliae
1035 2391 1101 2417 res
1133 2379 1328 2417 eiusmodi
1366 2377 1424 2416 eis
1454 2378 1627 2417 tributae

204 2448 296 2498 sint,
328 2448 545 2499 quaeritur,
577 2450 718 2500 quales
748 2449 789 2488 in
816 2449 964 2489 fabulis
995 2451 1180 2504 satyricis
1211 2450 1338 2490 fuisse
1369 2450 1628 2489 existimandi

204 2522 295 2562 sint.
346 2521 479 2573 Atque
510 2522 551 2561 in
581 2522 655 2561 hac
684 2534 728 2561 re
760 2534 848 2561 cum
880 2536 933 2562 ex
964 2524 1168 2563 nonnullis
1189 2524 1427 2564 fabularum·
1446 2522 1626 2575 reliquiis

203 2597 289 2635 tum
338 2608 392 2635 ex
413 2632 417 2637 .
439 2597 623 2635 veterum
672 2591 923 2646 scriptorum,
973 2597 1168 2647 imprimis
1210 2597 1396 2646 Pollucis,
1446 2596 1626 2648 artisque

203 2669 554 2709 monumentorum
589 2669 827 2709 testimoniis
864 2671 1061 2721 quaedam
1097 2671 1148 2710 ad
1179 2670 1454 2722 quaestionem
1485 2680 1626 2721 propo-
