1878 3092
230 166 410 237 30·
843 203 864 224 .

345 298 464 355 TW,-
509 304 554 343 ὲν
582 302 726 357 μέλεσι
754 301 920 357 μᾶλλον
956 296 1012 344 ἂν
1042 296 1154 345 εἶναι
1180 300 1451 357 Βακχυλίδης
1486 302 1598 344 ἕλοιο
1626 292 1656 353 ἢ

226 373 463 429 Πίνδαρος,
495 375 565 415 καὶ
587 378 633 416 ὲν
653 375 872 430 τραγῳδίᾳ
883 371 979 417 Ἴων
998 373 1021 417 ὁ
1041 376 1152 423 Χῖος
1171 370 1199 426 ἢ
1225 370 1276 425 νὴ
1296 374 1379 416 Δία
1397 373 1655 432 Σοφοκλῆςς

226 442 369 498 ἐπειδὴ
399 447 439 488 οἱ
468 447 549 500 μὲν
578 443 843 489 ἀδιάπτωτοι
879 448 950 489 καὶ
990 451 1035 490 ὲν
1065 448 1125 501 τῷ
1161 446 1369 504 γλαφυρῷ
1402 443 1546 498 πάντη
1583 461 1653 488 κε-

228 520 635 576 καλλιγραφημένοι,
676 518 697 561 ὁ
730 519 773 560 δὲ
806 520 1028 576 Πίνδαρος
1057 521 1127 561 καὶ
1156 518 1179 561 ὁ
1209 519 1447 577 Σοφοκλῆς
1475 517 1546 561 ὅτε
1575 519 1657 574 μὲν

226 588 319 635 οἷον
347 588 494 634 πάντα
514 593 787 650 ὲπιφλέγουσι
807 594 858 652 τῇ
879 593 996 650 φορᾷ
1015 593 1246 648 σβέννυται
1265 589 1473 647 δ’ἀλόγως
1492 588 1654 636 πολλά-

227 681 292 714 κις
321 667 392 708 καὶ
412 667 644 709 πίπτουσιν
664 664 947 721 ἀτυχέστατα,
979 661 1008 718 ἢ
1037 664 1173 716 οὐδεὶς
1202 661 1257 709 ἂν
1288 659 1335 708 εὖ
1363 667 1535 723 φρονῶν
1563 661 1658 715 ἐνὸς·

227 734 449 793 δράματος
478 741 556 781 τοῦ
576 738 801 788 Οἰδίποδος
831 742 889 787 εὶς
920 735 1052 782 ταύτὸ
1085 740 1265 788 συνθεὶς
1295 734 1350 780 τὰ
1362 735 1504 788 Ἴωνος
1528 735 1651 781 πάντ’

228 808 491 866 ἀτιμήσαιτο
520 811 628 863 ἑξῆς.
660 837 708 841 -
744 811 848 853 Cum
886 813 928 852 in
965 814 1077 865 poesi
1108 814 1284 864 satyrica
1312 814 1467 853 nullam
1495 813 1657 853 laudem

228 886 437 924 assecutus
468 885 532 935 sit,
565 884 812 924 Welckerus
842 897 880 937 p.
909 887 989 925 945
1021 884 1139 937 Frag.
1173 884 1399 938 suspicatur
1429 885 1514 924 eius
1543 884 1657 937 inge-

227 957 339 996 nium
375 957 500 997 fuisse
535 957 685 1007 mitius,
731 969 850 1009 quam
888 959 934 996 ut
963 959 1192 1010 satyrorum
1228 958 1335 997 iocos
1369 957 1551 1010 potuisse
1587 969 1657 996 ex-

228 1029 402 1081 primere
423 1029 620 1069 videatur.
656 1028 790 1081 Atque
811 1029 915 1068 hanc
936 1029 1055 1069 etiam
1076 1029 1117 1069 in
1140 1027 1339 1082 Sophocle
1360 1028 1657 1082 agnoscendam

230 1114 320 1141 esse
351 1114 524 1151 causam,
557 1115 679 1155 supra
709 1102 806 1142 dixi.
1600 1100 1604 1104 “

341 1173 566 1224 Xenocles,
618 1172 776 1214 Carcini
830 1173 940 1214 siluis
1000 1174 1127 1214 semel
1182 1174 1328 1214 vicisse
1382 1173 1554 1214 traditur
1607 1173 1657 1214 ab

230 1246 399 1287 Aeliano
446 1247 495 1288 V.
526 1246 579 1289 H.
612 1246 670 1288 11.
702 1250 727 1289 8
766 1247 916 1301 olymp.
957 1250 1023 1297 81,
1068 1247 1293 1300 tetralogia‚
1335 1247 1447 1288 cuius
1483 1245 1659 1300 satyrica

230 1318 427 1359 Athamas
457 1320 543 1359 fuit.

343 1390 501 1442 (Welk.
533 1405 568 1445 p.
593 1393 703 1433 1020
727 1393 813 1445 sq).
865 1387 1255 1446 Δκωδεκαμήκανος
1285 1392 1452 1433 vocatur
1481 1404 1505 1432 a
1534 1389 1657 1431 schol.

231 1463 321 1503 Pac.
355 1466 434 1504 792
468 1467 509 1502 et
538 1465 579 1503 in
610 1464 716 1504 Nub.
750 1468 858 1505 1260
888 1478 946 1516 sq.
978 1466 1027 1503 ab
1059 1464 1330 1517 Aristophane
1359 1465 1564 1503 inluditur.

344 1536 592 1589 Astydamas
624 1538 760 1587 maior,
792 1537 961 1577 Morsini
996 1537 1104 1577 filius
1134 1540 1187 1587 (v.
1226 1535 1353 1587 Suid.)
1388 1536 1659 1589 composuisse

231 1608 403 1648 traditur
431 1609 611 1649 fabulam
641 1610 888 1662 (satyricam)
912 1606 1071 1666 ’Έρμης
1095 1608 1329 1661 inscriptam
1355 1621 1476 1660 quam
1497 1608 1659 1648 Friebe-

230 1681 309 1720 lius
340 1683 392 1734 (p.
425 1684 505 1731 75),
538 1681 786 1722 Welckerus
818 1682 937 1734 Frag.
972 1685 1093 1731 1060,
1126 1682 1193 1721 alii
1222 1684 1330 1721 recte
1360 1685 1525 1735 propter
1553 1682 1660 1733 frag-

231 1755 356 1795 menti
389 1755 641 1808 nominisque
672 1759 855 1796 naturam
887 1756 1104 1810 satyricam
1134 1757 1278 1809 putant
1305 1756 1442 1797 fuisse.

348 1827 525 1868 Junioris
574 1831 709 1869 autem
769 1829 1075 1882 Astydamantis
1125 1826 1344 1885 Ἡρακλῆς
1391 1822 1659 1883 σατυρικὸςῆ

232 1903 566 1941 commemoratur
596 1914 619 1941 a
650 1899 775 1941 suida
805 1915 836 1943 s.
866 1915 904 1940 V.

348 1973 492 2013 Junior
533 1973 783 2026 Astydamas
819 1974 991 2026 primum
1028 1973 1124 2013 vicit
1161 1974 1210 2014 ol.
1254 1976 1345 2014 102.
1392 1985 1495 2013 anno
1534 1973 1660 2025 primo

232 2046 390 2097 fuitque
428 2045 625 2098 Aeschyli
659 2046 804 2086 sororis
841 2046 1018 2098 abnepos
1059 2046 1112 2094 (v.
1143 2045 1259 2085 Marn
1299 2045 1387 2086 Par.
1427 2048 1495 2093 72;
1529 2044 1660 2084 Frieb.

234 2132 273 2171 p.
316 2118 386 2168 72)
435 2118 569 2157 senior
618 2119 753 2157 autem
797 2116 1046 2171 Astydamas
1096 2117 1267 2170 primum
1317 2118 1476 2157 fabulas
1528 2118 1663 2158 docuit

234 2191 384 2244 olymp.
431 2192 483 2232 95
529 2203 632 2230 anno
665 2193 702 2240 3,
753 2192 797 2229 ut
828 2190 953 2230 refert
989 2189 1105 2230 Diod.
1145 2189 1264 2230 XIV.
1304 2192 1370 2230 43.
1442 2190 1556 2230 Prior
1591 2190 1662 2230 ille

235 2266 485 2317 quantopere
523 2276 567 2303 se
607 2263 695 2316 ipse
736 2263 788 2303 sit
826 2263 1057 2312 admiratus,
1095 2263 1335 2317 intelligitur
1368 2277 1422 2304 ex
1458 2263 1562 2304 dicto
1592 2261 1662 2303 illo

235 2337 299 2385 (cf.
333 2335 444 2376 Suid.
475 2336 542 2382 al.)

507 2400 695 2457 Σαυτὴν
729 2408 913 2454 ἐπαινεῖς
941 2401 1079 2462 ὥσπερ
1110 2402 1391 2461 Ἀστυδάμας.

350 2533 385 2571 *)
411 2532 516 2569 Haec
540 2532 667 2569 fabula
690 2542 733 2568 eo
759 2532 872 2578 digna
888 2532 1064 2569 memoria
1089 2537 1158 2578 est,
1186 2533 1283 2578 quod
1308 2544 1354 2569 ex
1377 2543 1421 2569 ea
1445 2532 1489 2568 ab
1514 2511 1673 2568 Atax(

234 2591 340 2625 411a.
365 2591 616 2635 fragmentum
648 2590 832 2634 laudatur,
871 2590 968 2633 quod
1003 2600 1048 2625 ne
1085 2590 1245 2625 fabulam
1281 2589 1480 2633 satyricam
1516 2588 1664 2632 quidem

235 2645 280 2682 ab
314 2655 385 2683 usu
422 2645 656 2692 parabasium
693 2645 810 2682 fuisse
847 2645 1003 2682 alienam
1038 2644 1212 2682 ostendit.
1266 2644 1322 2681 Of.
1354 2642 1525 2681 Meincke
1556 2643 1664 2681 Anal.

235 2703 317 2739 crit.
342 2714 376 2748 p.
402 2704 477 2739 179.
