1878 3092
258 122 319 168 16

254 259 385 306 sonis3
431 270 526 298 nam
565 257 826 310 probabiliter
861 269 983 297 unam
1023 256 1136 297 addit
1175 268 1399 309 personam.
1459 254 1552 296 Jam
1586 269 1684 297 vero

253 331 287 371 si
327 332 486 372 constat
524 331 687 371 chorum
725 331 945 384 satyricum
982 342 1006 370 a
1045 329 1163 369 choro
1203 330 1355 382 tragico
1402 340 1483 369 non
1523 327 1683 370 differre

252 417 432 454 numero,
478 405 596 444 facile
641 406 704 444 est
743 405 794 444 de
833 417 880 444 eo
919 404 1188 444 coniecturam
1228 403 1362 442 facere
1405 415 1459 442 ex
1499 403 1683 442 veterum

253 478 493 530 scriptorum
525 477 599 517 hac
629 477 681 517 de
711 490 755 517 re
786 477 1038 517 testimoniis.
1097 475 1254 516 Dicitur
1283 477 1419 515 autem
1448 487 1472 514 a
1503 472 1616 515 Suid.
1643 488 1681 515 v.

251 548 509 607 Σοφοκλῆςι
557 548 778 602 Sophocles
815 550 982 605 πρῶτος
1018 544 1097 590 τὸν
1129 543 1261 604 χορὸν
1299 550 1344 587 ὲκ
1381 546 1683 588 πεντεκαίδεκα

252 618 449 676 εἰσήγαγε
488 623 594 664 νέων
623 617 834 679 πρότερον
864 619 921 676 ιβ’
958 618 1189 664 εἰσιόντων.
1250 619 1358 661 Hinc
1386 620 1499 661 initio
1530 633 1585 661 ex
1617 622 1682 670 12,

252 696 399 735 deinde
430 708 484 735 ex
509 699 559 736 15
589 695 773 748 personis
803 696 968 735 chorum
990 708 1151 747 quoque
1182 693 1401 746 satyricum
1431 693 1557 733 fuisse
1578 705 1684 733 com-

251 769 427 821 positum
457 768 721 820 intellegitur.
780 767 916 820 Atque
947 768 988 807 in
1017 768 1121 807 hanc
1150 779 1236 807 rem
1267 766 1467 819 quadrant
1496 767 1683 814 veterum

251 842 492 894 scriptorum
516 841 756 891 testimonia,
787 841 905 880 modo
926 842 1036 879 recte
1057 825 1104 879 ea
1123 839 1401 892 interpreteris
1432 838 1681 889 (Schneider.

251 927 288 965 p.
324 915 430 960 118).

363 985 642 1025 Instrumenta
684 984 838 1024 musica
882 996 988 1036 quae
1036 984 1187 1024 fuerint
1234 984 1275 1024 in
1323 983 1461 1024 fabula
1506 983 1683 1036 satyrica

251 1058 411 1107 usitata,
457 1058 492 1097 si
532 1070 585 1097 ex
635 1058 793 1110 pictura
836 1057 945 1095 illius
984 1058 1094 1096 vasis
1138 1057 1286 1108 conligi
1329 1058 1476 1108 potest,
1519 1057 1687 1096 fuerunt

250 1131 373 1171 tibiae
405 1133 446 1171 et
474 1132 575 1185 lyra.
635 1130 817 1171 Musicae
848 1142 945 1170 vero
982 1130 1079 1171 artis
1116 1129 1422 1182 saltationisque
1459 1128 1562 1170 ratio
1601 1141 1682 1170 non

250 1216 411 1256 semper
432 1204 575 1243 eadem
604 1202 700 1250 fuit;
746 1215 867 1254 quam
896 1204 1135 1242 inmutatam
1164 1215 1237 1255 per
1257 1203 1459 1242 dicursum
1490 1202 1681 1255 temporis

249 1276 375 1316 fuisse
414 1279 460 1316 ut
497 1277 538 1316 in
580 1277 649 1316 tali
690 1289 841 1328 genere
877 1277 1011 1329 poesis
1048 1289 1136 1315 cum
1173 1289 1246 1328 per
1282 1289 1326 1316 se
1356 1275 1575 1317 verisimile
1605 1277 1679 1325 est,

248 1350 335 1386 tum
375 1348 628 1399 intellegitur
668 1361 722 1387 ex
762 1349 881 1388 certis
923 1351 1108 1388 veterum
1149 1349 1264 1387 loeis:
1325 1347 1510 1387 Saltandi
1546 1350 1681 1387 autem

248 1434 378 1473 genus
410 1421 631 1474 satyricum
661 1426 829 1462 vocatur
858 1422 1048 1469 σίκιννις.
1109 1419 1169 1461 Cf.
1192 1419 1341 1461 Athen.
1371 1419 1490 1462 XIV.
1521 1434 1558 1474 p.
1581 1422 1679 1462 630:

249 1492 440 1534 καλεῖται
469 1487 496 1543 ἢ
526 1493 608 1546 μὲν
637 1490 843 1550 σατυρικὴ
874 1489 1049 1550 ὄρχησις
1087 1516 1128 1521 -
1165 1493 1344 1541 σίκιννις
1373 1493 1444 1534 καὶ
1474 1492 1514 1534 οὶ
1544 1488 1678 1534 σάτυ-

247 1580 315 1619 ροι
345 1568 613 1607 σικιννισταί.
676 1567 891 1607 Nonnullis
923 1580 946 1606 a
975 1562 1136 1616 κινήσει
1167 1548 1295 1606 videri
1325 1567 1438 1606 addit
1469 1566 1562 1606 Ath.
1584 1566 1611 1606 1.
1633 1567 1678 1605 l.:

246 1637 346 1679 Εἰσὶ
367 1637 411 1678 δέ
432 1652 545 1687 τινες
574 1640 614 1680 οἱ
636 1640 707 1680 καί
727 1635 920 1693 φασιτὴν
940 1640 1122 1680 σίκιννιν
1141 1639 1397 1689 ποιτητικῶς
1416 1634 1681 1691 ὠνομάσθαι

247 1706 333 1752 ἀπὸ
365 1712 443 1760 τῆς
471 1708 684 1761 κινήσεως,
721 1707 773 1760 ἢν
803 1713 872 1751 καὶ
902 1714 941 1752 οἱ
973 1708 1150 1766 σάτυροι
1173 1709 1403 1766 ὀρχοῦνται
1430 1706 1680 1765 ταχυτάτην

247 1774 383 1825 οὖσαν
404 1794 412 1802 ·
435 1780 484 1825 οὐ
508 1783 590 1841 γάρ
621 1783 703 1839 ἔχει
733 1779 897 1834 πάθος,
930 1780 1038 1834 αὕτη
1069 1780 1095 1835 ἡ
1125 1779 1311 1841 ὄρχησις,
1343 1778 1409 1825 διὸ
1439 1780 1536 1825 οὐδὲ
1564 1782 1677 1841 βρα-

247 1853 374 1897 δύνει.
435 1857 551 1902 Quae
581 1870 678 1896 vero
709 1859 760 1897 de
790 1858 944 1908 origine
975 1859 1016 1896 et
1046 1861 1207 1897 auctore
1237 1859 1344 1897 idem
1365 1859 1398 1897 Ι.
1421 1859 1513 1898 20d.
1542 1859 1677 1907 tradit,

248 1943 493 1983 quamquam
514 1928 664 1970 Bodius
696 1943 855 1983 quoque
885 1930 911 1971 l.
933 1930 959 1971 l.
989 1943 1025 1983 p.
1048 1931 1100 1971 89
1127 1943 1150 1971 a
1171 1928 1293 1973 Creta
1321 1929 1454 1971 insula
1482 1929 1676 1984 originem

246 2004 362 2053 putat
391 2002 610 2054 petendam
640 2015 743 2050 esse,
776 2004 834 2042 eis
863 2015 1008 2041 vereor
1037 2016 1088 2042 ne
1118 2004 1218 2042 nihil
1247 2004 1300 2042 sit
1328 2004 1577 2043 auctoritatis
1608 2005 1677 2043 tri—

245 2074 464 2124 buendum,
511 2075 560 2115 cf.
591 2079 803 2128 praeterea
831 2075 931 2115 Poll.
962 2075 1035 2115 IV.
1069 2078 1134 2125 99,
1180 2075 1318 2127 Etym.
1349 2076 1405 2117 M.
1438 2089 1476 2130 p.
1500 2079 1593 2127 712,
1624 2075 1675 2117 al.

246 2145 313 2185 Ex
345 2146 548 2186 Athenaei
583 2150 717 2187 autem
754 2149 842 2188 loco
873 2146 1045 2187 Gasaub.
1076 2161 1114 2200 p.
1139 2150 1216 2187 111
1249 2148 1415 2200 conligit
1448 2148 1562 2188 illam
1598 2148 1676 2201 sal-

244 2220 440 2259 tationem
475 2232 557 2259 non
593 2220 784 2260 habuisse
820 2216 1000 2270 (πάθος)
1037 2218 1222 2260 affectum
1257 2220 1447 2273 idemque
1477 2220 1676 2261 Welcker

245 2292 342 2332 dicit
361 2305 399 2345 p.
418 2294 514 2342 339,
535 2292 662 2332 fuisse
683 2304 771 2332 eam
792 2292 1081 2343 citatissimam,
1102 2291 1249 2333 affectu
1264 2295 1479 2343 carentem,
1499 2293 1673 2334 iocosam

245 2359 518 2418 (παιγνιώδ-η)
559 2365 752 2418 additque
796 2366 898 2405 illud
937 2365 1154 2418 significari
1193 2366 1314 2407 etiam
1353 2366 1462 2407 tibiis
1504 2367 1675 2408 canendi

243 2439 363 2478 modo
386 2433 699 2497 σικιννοτύρβῃ.
746 2438 999 2478 Wieselerus
1023 2442 1158 2479 autem
1188 2452 1226 2491 p.
1248 2441 1329 2480 625
1360 2452 1457 2479 num
1487 2440 1673 2480 celeritas

243 2523 317 2565 per
356 2523 401 2551 se
443 2510 496 2551 sit
540 2510 601 2550 illi
640 2510 846 2550 saltationi
887 2511 1110 2562 tribuenda,
1155 2511 1313 2552 dubitat
1352 2512 1674 2566 comparatisque

243 2584 350 2623 inter
369 2597 414 2623 se
435 2584 532 2623 locis
554 2584 756 2623 Athenaei
780 2596 818 2636 p.
841 2588 958 2625 6170.
989 2585 1256 2633 (notissimum
1276 2586 1377 2624 illud
1398 2585 1674 2638 hyporchema

244 2657 432 2698 Pratinae
462 2657 517 2697 ibi
547 2657 742 2706 adfertur)
773 2659 813 2698 et
843 2657 869 2699 1.
898 2656 1016 2699 XIV.
1047 2671 1085 2710 p.
1117 2659 1235 2700 628a.
1266 2659 1307 2699 et
1336 2671 1383 2709 e.,
1413 2658 1482 2699 ubi
1510 2659 1672 2700 veteres
