1878 3092
227 181 256 229 8

227 330 281 356 ex
315 318 524 358 veteribus
560 318 612 358 de
647 318 709 358 dis
745 318 1016 369 heroibusque
1050 317 1346 357 narrationibus
1385 315 1653 371 petebatur‚*)

226 391 299 430 sed
336 404 390 430 ex
425 391 514 443 ipsa
541 392 627 431 vita
661 391 849 439 humana,
888 390 959 429 sed
991 403 1015 429 a
1047 391 1169 442 poeta
1197 389 1436 442 fingebatur.
1492 390 1651 430 Deinde

226 464 336 503 aliud
380 465 442 503 est
484 463 560 504 ioci
601 476 730 515 genus
775 462 1009 516 satyricum,
1055 462 1165 502 aliud
1202 463 1407 505 comicum.
1466 461 1572 503 Nam
1610 462 1652 502 in

227 536 433 575 comoedia
462 535 643 575 consulto
680 547 746 574 res
777 547 824 574 ac
858 547 1055 587 personae
1084 535 1332 584 inluduntur,
1376 535 1416 574 in
1450 535 1562 588 poesi
1591 546 1653 574 sa-

227 608 357 661 tyrica
387 607 515 661 satyri
543 607 725 647 iocantur
755 607 930 660 quidem,
975 607 1047 646 sed
1077 609 1190 647 nullo
1219 607 1402 655 consilio;
1448 620 1541 647 nam
1575 607 1654 660 ipsi

228 693 273 720 se
312 680 432 720 iocari
470 680 666 719 nesciunt.
734 680 880 732 Itaque
925 692 1014 719 cum
1059 679 1268 719 consilium
1312 680 1429 730 desit,
1472 692 1525 719 ne
1563 691 1654 718 cum

227 753 394 804 parodia
430 751 595 803 quidem
625 753 845 804 comparari
880 752 1018 790 fabula
1047 752 1224 803 satyrica
1253 753 1396 802 potest.
1457 751 1655 791 Welcker

228 825 363 862 autem
401 836 438 875 p.
470 825 551 864 335
588 823 697 862 aliud
733 836 894 876 quoque
930 823 1052 872 addit,
1097 834 1175 874 quo
1211 822 1417 862 comoedia
1450 824 1492 861 et
1520 822 1662 874 poesis,
1716 840 1719 844 v

228 895 406 947 satyrica
442 895 548 934 inter
579 907 623 934 se
654 894 840 935 differant
850 911 858 942 ;
905 907 999 934 nam
1028 896 1068 933 in
1096 895 1167 933 illa
1196 895 1379 933 homines
1411 906 1458 933 eo
1488 894 1653 933 consilio

227 966 448 1021 perstringi
479 968 601 1020 atque
631 966 769 1018 inludi,
805 970 849 1007 ut
880 967 930 1007 ad
959 966 1166 1006 meliorem
1195 966 1354 1019 frugem
1383 966 1571 1014 redeant;
1612 966 1654 1005 in

227 1042 303 1080 hac
337 1054 417 1080 non
452 1041 561 1089 item,
607 1053 849 1091 quamquam
886 1041 1087 1079 interdum
1125 1041 1384 1079 inveniantur
1411 1041 1453 1079 in
1481 1040 1566 1079 illis
1595 1040 1653 1079 fa-

227 1112 333 1152 bulis
364 1112 591 1152 sententiae
621 1112 672 1152 ad
692 1112 817 1152 vitam
848 1124 1060 1165 moresque
1082 1112 1354 1152 emendandos
1385 1111 1651 1164 pertinentem
1699 1119 1703 1123 ·

227 1197 321 1224 nam
342 1197 463 1236 quam
485 1185 675 1236 exiguam
705 1186 801 1223 illae
821 1185 904 1223 vim
926 1185 1140 1223 habuerint
1169 1186 1210 1223 in
1231 1185 1384 1223 animos
1405 1184 1653 1222 audientium

226 1257 343 1297 facile
373 1257 558 1308 intellegi
588 1270 718 1309 posse.
763 1257 899 1296 Verbo
920 1257 1124 1296 monuisse
1146 1258 1243 1297 satis
1264 1257 1392 1297 habeo
1414 1268 1438 1296 a
1458 1256 1653 1296 Diomede

226 1342 263 1382 p.
286 1331 380 1382 448,
416 1332 437 1368 7
471 1329 539 1381 (g.)
576 1332 698 1381 atque
728 1328 827 1369 Mar.
862 1328 1011 1369 Victor.
1047 1342 1085 1381 p.
1115 1331 1223 1370 2527
1260 1329 1419 1368 fabulas
1456 1329 1654 1382 satyricas

226 1414 316 1440 cum
348 1402 547 1441 Atellanis
578 1402 800 1454 comparari
836 1404 887 1450 (v.
921 1401 1120 1441 Welcker
1147 1414 1184 1453 p.
1207 1403 1315 1451 334).

340 1473 433 1514 Jam
471 1475 607 1528 placet
645 1475 883 1524 accuratius,
928 1486 1050 1527 quam
1085 1474 1164 1514 huc
1199 1487 1327 1527 usque
1366 1475 1499 1515 facere
1538 1474 1653 1515 nobis

226 1547 349 1597 licuit,
390 1560 589 1599 quaenam
626 1551 867 1599 argumenta
901 1548 941 1586 in
978 1547 1126 1587 fabulis
1168 1548 1364 1587 eiusmodi
1400 1548 1655 1600 reperiantur

225 1622 408 1669 tractata,
440 1633 656 1673 exponere.
706 1620 844 1673 Atque
873 1620 914 1659 in
935 1620 1170 1660 universum
1200 1621 1357 1660 constat
1377 1633 1445 1661 eas
1476 1621 1652 1673 plerum-

226 1705 306 1743 que
337 1693 377 1731 in
408 1693 657 1743 argumentis
688 1693 907 1732 levioribus
939 1694 979 1731 et
1014 1705 1087 1744 per
1116 1705 1159 1731 se
1190 1693 1241 1731 ad
1271 1692 1513 1732 hilaritatem
1545 1693 1653 1731 exci-

224 1765 389 1805 tandam
429 1765 533 1818 aptis
575 1766 715 1805 solitas
754 1778 844 1805 esse
880 1765 1045 1805 versari.
1105 1764 1241 1817 Atque
1277 1777 1330 1804 ex
1360 1764 1577 1805 Homerica
1613 1768 1654 1805 et

223 1838 385 1877 omnino
417 1850 470 1877 ex
501 1839 614 1891 epica
643 1840 766 1891 poesi,
809 1850 898 1877 cum
928 1850 1009 1877 non
1044 1838 1186 1877 liceret
1226 1837 1355 1889 poetis
1385 1838 1539 1888 heroes,
1585 1839 1654 1891 qui

222 1911 264 1951 in
295 1911 539 1950 carminibus
570 1894 692 1963 epicis
724 1909 1045 1960 celebrabantur,
1086 1910 1186 1949 risui
1221 1910 1380 1950 tradere
1412 1912 1651 1964 satyrorum,

223 1984 385 2036 praeter
416 1980 538 2022 leis
568 1982 804 2030 versutiam,
850 1983 1075 2035 cyclopem,
1117 1980 1273 2031 Circen,
1321 1983 1433 2021 nulla
1462 1983 1653 2023 videntur

223 2059 368 2108 poetae
398 2055 595 2108 petivisse
626 2056 875 2106 argumenta.
935 2044 1061 2094 Nulla
1091 2057 1237 2104 autem,
1268 2058 1460 2107 quantum
1492 2056 1652 2107 scimus,

222 2129 361 2169 fabula
391 2127 568 2182 satyrica
604 2127 655 2166 ad
685 2127 846 2180 cyclum
877 2126 1062 2167 Troicum
1101 2130 1171 2167 aut
1201 2126 1436 2168 Thebanum
1466 2129 1651 2181 pertinet.

223 2201 340 2247 Quae
380 2214 445 2240 res
484 2201 543 2240 ita
583 2200 780 2252 explicari
817 2202 961 2252 potest,
1006 2202 1051 2239 ut
1082 2200 1279 2240 Welcker
1307 2214 1343 2253 p.
1366 2204 1445 2242 331
1479 2215 1665 2254 eumque

224 2276 388 2313 secutus
417 2272 581 2313 Friebel
612 2286 649 2325 p.
675 2275 724 2313 13
757 2272 951 2322 fecerunt,
983 2273 1051 2325 qui
1081 2275 1246 2313 monent
1274 2286 1402 2325 genus
1433 2275 1652 2329 satyricum

223 2347 465 2398 plerumque
480 2347 687 2384 versatum
710 2357 801 2384 esse
821 2345 861 2384 in
883 2345 1022 2397 populi
1042 2346 1348 2386 narrationibus.
1380 2347 1525 2399 Itaque
1545 2348 1652 2387 haud

223 2430 376 2470 paucae
397 2418 667 2456 versabantur
686 2417 727 2456 in
749 2417 897 2456 fabulis
919 2417 968 2455 de
990 2417 1216 2456 hominibus
1237 2418 1425 2458 violentis
1448 2423 1490 2468 et
1512 2419 1652 2459 imma-

223 2490 341 2530 nibus
354 2491 500 2543 partim
512 2487 680 2530 Graecis
691 2490 839 2542 partim
851 2489 1044 2539 barbaris,
1062 2502 1230 2541 quorum
1242 2489 1443 2531 Hercules
1456 2490 1650 2542 Theseus,

225 2563 293 2603 alii
323 2557 427 2603 facti'
449 2565 544 2603 sunt
572 2562 764 2603 vindices.
825 2561 961 2614 Atque
992 2562 1067 2602 hoc
1103 2562 1264 2602 fabulae
1294 2564 1493 2617 satyricae
1511 2577 1651 2616 ,genus

339 2662 380 2706 *)
410 2637 543 2706 Neque
568 2661 766 2707 tragoedia
795 2671 915 2706 neque
947 2660 1073 2697 fabula
1104 2661 1266 2707 satyrica
1292 2662 1336 2699 ab
1370 2663 1427 2699 his
1459 2663 1651 2701 discedere

224 2722 387 2764 poterat.
437 2718 600 2756 Aristot.
627 2718 735 2755 Poet.
763 2718 819 2754 14.
846 2737 888 2743 —
913 2717 1090 2755 Welcker
1112 2729 1150 2764 p.
1175 2719 1254 2755 333.
