1878 3092
1610 143 1637 189 7

218 295 292 323 sua
333 283 534 335 gravitate
578 282 846 322 remitterent!
915 279 1083 320 Tzetzes
1127 280 1310 333 prolegg.
1354 280 1395 319 in
1438 278 1637 333 Lycophr.

217 367 255 408 p.
277 356 359 397 255
380 350 439 408 sq.
470 355 570 395 haec
599 354 711 394 dicit:
743 347 824 405 τήν
853 351 897 394 δὲ
928 351 1172 411 τραγῳδίαν
1201 352 1273 394 καὶ
1302 347 1401 400 τοὺς
1428 348 1639 408 σατύρους

217 428 365 478 ἐπίσης
392 427 473 481 μὲν
502 427 611 481 ἔχειν
635 422 841 482 χορευτὰς
869 422 927 475 wi,
959 426 1177 482 διαφέρειν
1207 424 1251 466 δὲ
1281 420 1388 481 πρὸς
1417 420 1636 475 ἀλλήλους,

216 496 285 542 ὅτι
304 497 331 552 ἡ
361 500 443 555 μὲν
463 498 680 556 τραγῳδία
701 495 897 556 θρήνους
924 495 1061 552 μόνον
1091 498 1173 553 ἔχει
1202 497 1273 538 καὶ
1302 492 1503 551 οἰμωγὰς,
1535 494 1561 548 ἡ
1592 496 1636 538 δὲ

216 569 423 631 σατυρική
451 573 622 624 ποίησις
650 572 856 629 συγκιρνᾷ
884 576 980 620 ταῖς
999 567 1280 630 ὀλοφύρσεσιν
1310 567 1546 627 ἱλαρότητα
1566 570 1637 612 καὶ

216 641 301 688 ἀπὸ
344 642 537 702 δακρύων
580 648 639 693 εὶς
677 640 819 701 χαρὰν
857 645 1079 689 καταντᾶν
1117 642 1287 686 εἴωθεν.
1347 643 1502 684 Similia
1541 645 1638 685 dicit

217 718 415 772 Origines.
464 717 579 758 Haec
608 720 740 759 autem
771 731 851 758 non
881 723 990 758 recte
1020 718 1127 758 dicta
1155 730 1247 758 esse
1268 716 1466 758 Welcker
1495 730 1532 769 p.
1554 719 1635 758 329

156 782 158 784 ¹
216 791 430 831 contendit.
488 791 729 831 Rectissime
767 792 871 831 enim
911 793 1047 831 monet
1084 791 1227 830 abesse
1262 802 1286 829 a
1320 790 1432 841 poesi
1461 791 1638 842 satyrica

216 876 355 904 omnes
393 864 579 916 querelas
618 864 739 915 atque
774 863 976 911 lacrimas;
1021 875 1115 903 nam
1154 862 1187 902 si
1224 862 1332 901 mala
1368 861 1481 901 varia
1516 864 1636 914 atque

216 937 315 976 adeo
332 948 451 975 neces
467 937 717 987 quarundam
736 948 997 988 personarum
1017 936 1058 974 in
1079 935 1160 974 illis
1179 934 1327 974 fabulis
1349 937 1635 986 proponuntur,

216 1011 310 1050 sunt
338 1009 433 1050 illae
463 1022 658 1063 personae
689 1010 803 1061 tales,
834 1012 879 1049 ut
908 1022 1045 1050 earum
1066 1008 1173 1049 mala
1193 1009 1314 1060 atque
1344 1006 1529 1048 interitus
1555 1020 1634 1049 non

214 1083 331 1122 modo
362 1095 440 1121 non
471 1083 656 1134 querelas
687 1085 728 1122 et
756 1083 1080 1132 misericordiam,
1116 1082 1187 1121 sed
1217 1081 1460 1120 hilaritatem
1491 1082 1634 1121 risum-

215 1168 294 1206 que
324 1157 524 1195 moveant.
574 1155 666 1195 Huc
695 1155 898 1208 pertinent
919 1168 951 1194 e.
975 1167 1005 1194 c.
1028 1154 1220 1207 Amycus,
1253 1152 1449 1206 Cercyon,
1480 1154 1633 1205 Sciron,

215 1226 403 1280 Cyclops,
451 1225 613 1281 Syleus,
657 1225 824 1277 Busiris,
869 1227 1095 1280 Autolycus
1140 1227 1202 1275 (cf.
1240 1225 1368 1267 Diom.
1406 1240 1443 1279 p.
1474 1229 1568 1275 488,
1609 1231 1632 1267 7

214 1300 358 1339 Latina
389 1300 576 1340 Atellana
605 1313 629 1340 a
658 1298 814 1340 Graeca
849 1300 1025 1353 satyrica
1059 1299 1202 1347 differt,
1245 1300 1352 1351 quod
1387 1301 1427 1339 in
1458 1301 1634 1353 satyrica

213 1372 298 1412 fere
319 1374 545 1425 satyrorum
575 1385 771 1424 personae
800 1372 1043 1413 inducuntur
1062 1374 1131 1411 aut
1151 1373 1184 1412 si
1205 1385 1307 1425 quae
1329 1375 1422 1412 sunt
1441 1374 1633 1413 ridiculae

212 1445 364 1485 similes
395 1445 555 1499 satyris,
589 1444 826 1498 Autolycus,
856 1445 1040 1495 Busiris),
1087 1444 1166 1484 alii.
1227 1443 1489 1485 Casaubonus
1518 1460 1556 1499 p.
1579 1449 1630 1487 93

212 1531 405 1570 personas
445 1519 672 1558 fabularum
713 1518 978 1572 satyricarum
1022 1520 1182 1570 praeter
1217 1518 1381 1557 chorum
1411 1520 1477 1559 vel
1512 1520 1632 1571 plane

212 1590 374 1630 easdem
405 1591 526 1643 atque
562 1590 792 1642 tragoediae
823 1590 890 1629 vel
921 1590 1043 1629 etiam
1073 1589 1234 1629 maioris
1265 1589 1519 1642 dignationis,
1564 1591 1632 1631 ad-

210 1664 431 1703 mirationis
452 1666 493 1703 et
513 1663 783 1718 ,,τερατείας“
807 1663 933 1702 fuisse
954 1663 1061 1713 dicit,
1092 1664 1137 1701 ut
1156 1667 1382 1712 centauros,
1415 1661 1629 1716 CyclopeS,

211 1738 252 1774 et
296 1749 318 1775 e
363 1736 449 1775 deis
498 1736 651 1788 aliquos
700 1747 997 1787 nonnunquam.
1085 1733 1218 1780 Quam
1267 1736 1508 1776 sententiam
1549 1736 1628 1777 iam

212 1807 409 1847 Welcker
437 1822 474 1861 p.
496 1811 576 1849 329
599 1808 860 1861 probabiliter
878 1808 1095 1859 redarguit.
1144 1807 1290 1860 Neque
1310 1808 1416 1848 enim
1437 1811 1628 1860 centauri,

211 1878 423 1934 Cyclopes,
468 1881 546 1921 alia
580 1881 622 1920 id
660 1894 791 1934 genus
827 1882 1018 1930 monstra,
1063 1883 1208 1932 (reges,
1248 1881 1407 1932 heroes)
1450 1884 1630 1935 put-anda

209 1956 303 1993 sunt
341 1954 643 1994 admirationem
683 1958 968 2008 stuporemque
1010 1954 1283 2007 spectantibus
1322 1955 1510 2006 movisse,
1556 1957 1627 1996 sed

207 2026 264 2065 ita
283 2027 585 2077 inducebantur,
615 2030 662 2066 ut
681 2027 805 2067 risum
826 2039 946 2079 quam
966 2027 1143 2066 maxime
1165 2028 1401 2066 excitarent.
1447 2027 1629 2068 Fuerunt

208 2101 341 2139 autem
382 2099 488 2139 haud
526 2111 744 2152 paucarum
783 2100 1008 2140 fabularum
1047 2102 1285 2151 argumenta
1321 2100 1430 2149 talia,
1474 2102 1519 2139 ut
1547 2100 1626 2140 iam

207 2186 280 2225 per
308 2186 353 2212 se
381 2173 625 2213 hilaritatem
655 2174 865 2214 moverent
894 2187 931 2214 v.
964 2172 1162 2214 Welcker
1190 2187 1228 2226 p.
1250 2176 1343 2215 328.

319 2318 344 2359 J
347 2332 411 2358 am
432 2320 624 2371 sequitur,
653 2322 710 2370 ut,
741 2321 939 2372 quomodo
960 2333 984 2360 a
1003 2320 1207 2360 comoedia
1227 2319 1384 2360 differat
1409 2322 1543 2373 poesis
1564 2334 1625 2361 sa-

206 2392 346 2447 tyrica,
377 2391 554 2431 dicamus
576 2392 629 2442 (v.
645 2391 840 2431 Welcker
859 2405 896 2445 p.
914 2394 1008 2442 334,
1036 2390 1298 2432 casaubonus
1318 2406 1356 2445 p.
1373 2394 1441 2443 94)
1462 2396 1625 2447 propter

205 2466 329 2505 risum
359 2477 405 2504 ac
434 2464 540 2504 iocos
561 2465 602 2504 et
622 2465 829 2504 lasciviam
849 2465 991 2504 merito
1015 2466 1230 2518 satyricam
1253 2467 1482 2506 comoediae
1503 2480 1623 2519 quam

205 2538 437 2591 tragoediae
460 2538 683 2591 propiorem
704 2538 827 2589 vulgo
858 2537 997 2577 haberi
1028 2538 1134 2578 dicit.
1185 2537 1292 2578 Sane
1321 2538 1454 2579 rident
1483 2541 1623 2593 satyri,

205 2612 396 2661 iocantur,
440 2611 665 2661 lasciviunt,
709 2613 750 2650 et
788 2612 923 2651 tamen
963 2611 1140 2664 satyrica
1182 2612 1318 2652 fabula
1357 2624 1381 2651 a
1419 2614 1625 2653 comoedia

205 2684 382 2724 maxime
412 2682 554 2724 differt.
614 2682 718 2724 Nam
754 2683 926 2737 primum
962 2684 1191 2731 comoediae
1226 2687 1508 2736 argumentum
1544 2698 1622 2726 non
