1878 3092
1467 1 1472 3 ,
1594 0 1606 11 ¹,
1626 3 1632 5 ,
1666 0 1706 7 -,-„.
1797 0 1805 5 ,i

1466 0 1878 54 -*÷frssamffi

1660 57 1662 59 ¹
1676 60 1679 63 ›
1727 53 1735 56 ’
1778 54 1789 66 .'
1799 52 1847 78 57¹2*
1858 62 1862 66 ,
1871 55 1878 73 ’,-

783 329 1088 396 CaputI.

461 473 527 509 De
555 471 704 517 poesis
733 473 959 517 satyricae
986 474 1139 511 indole
1168 476 1212 511 et
1240 475 1410 511 natura.

337 546 465 587 Suum
486 548 618 587 locum
641 548 781 589 deberi
810 550 924 602 poesi
945 551 1146 604 satyricae
1167 562 1297 603 neque
1321 550 1371 589 ad
1402 548 1649 601 tragoediam
1710 578 1712 580 -

220 620 522 660 comoediamve
553 634 644 660 esse
678 622 934 662 referendam
962 624 1029 672 ita,
1076 625 1121 662 ut
1151 624 1203 663 sit
1232 624 1373 663 horum
1408 622 1541 675 poesis
1569 634 1649 673 ⁴gc·

220 705 362 732 nerum
393 693 510 745 quasi
540 694 709 746 speciae„
747 697 916 745 constat,
956 696 1114 735 etiamsi
1144 708 1168 735 a
1196 694 1376 744 Platone,
1416 693 1648 743 Aristotele,

219 765 308 804 aliis
339 777 461 818 saepe
491 766 648 805 duobus
689 767 771 806 illis
801 767 1031 807 nominibus
1062 780 1201 808 omnes
1236 767 1370 819 poesis
1407 766 1649 806 dramaticae

220 838 377 889 species
417 838 609 878 videntur
653 839 967 893 comprehensae
1007 853 1097 880 esse
1137 839 1323 890 (Oasaub.
1355 852 1393 892 p.
1414 841 1495 887 86).
1553 837 1648 887 Alii,

218 912 263 950 ut
293 909 475 961 'Paene-s,
524 913 742 965 satyricam
773 912 914 965 poesin
945 913 1104 952 tertiam
1134 915 1281 953 vocant
1310 912 1497 965 speciem.
1555 909 1648 950 Jam

219 985 441 1035 quaeritur,
474 986 506 1025 si
539 998 614 1025 sua
637 988 701 1025 est
730 986 842 1038 poesi
863 987 1064 1039 satyricae
1093 985 1250 1026 indoles
1271 998 1317 1026 ac
1340 987 1495 1034 natura,
1527 996 1647 1037 quae-

217 1069 312 1096 nam
356 1070 405 1097 ea
448 1057 576 1098 fuisse
622 1058 892 1098 existimanda
936 1060 997 1099 sit.
1063 1058 1179 1105 Quae
1223 1071 1288 1098 res
1332 1062 1379 1098 ut
1423 1056 1647 1097 accuratius

218 1131 497 1181 cognoscatur,
543 1132 594 1171 de
625 1132 779 1183 origine
818 1132 980 1171 fabulae
1016 1132 1216 1185 satyricae
1250 1132 1362 1185 prius
1398 1132 1492 1170 sunt
1521 1141 1649 1182 pauca

218 1201 459 1243 adnotanda.

331 1275 527 1328 Fuerunt,
559 1277 628 1328 qui
659 1290 712 1316 ex
734 1277 992 1330 dithyrambo
1023 1277 1201 1317 fabulam
1232 1277 1461 1331 satyricam,
1492 1288 1544 1315 ex
1573 1275 1648 1314 hac

133 1346 135 1348 ’
217 1349 467 1400 tragoediam
509 1349 690 1389 dicerent
731 1350 860 1389 ortam
900 1362 1001 1390 esse.
1063 1349 1129 1389 Sic
1158 1348 1207 1390 Gr.
1228 1349 1487 1389 Hermannus
1521 1346 1646 1400 praef.

217 1419 332 1473 Cycl.
362 1435 399 1474 p.
423 1422 472 1462 V.
504 1435 563 1473 sq.
606 1423 785 1462 fabulam
817 1423 1035 1475 satyricam
1071 1423 1243 1475 priorem
1278 1423 1404 1462 fuisse
1442 1420 1648 1461 contendit

214 1493 339 1533 initiis
369 1494 615 1545 tragoediae.
668 1493 750 1533 Sed
771 1495 912 1534 nititur
940 1495 1012 1534 illa
1033 1495 1165 1547 opinio
1186 1495 1292 1534 falsa
1315 1495 1392 1534 loci
1411 1491 1647 1533 Aristotelei

215 1567 335 1617 (poet.
358 1566 446 1615 IV„
479 1567 547 1614 17)
577 1567 922 1619 interpretatione.
973 1566 1037 1606 Ibi
1067 1579 1177 1606 cum:
1219 1566 1282 1607 ἔτι
1311 1565 1355 1607 δὲ
1386 1561 1435 1607 τὸ
1455 1564 1646 1618 μέγεθος

214 1639 259 1678 ὲκ
280 1639 452 1693 ’μικρῶν
479 1635 643 1691 μύθων
672 1639 743 1679 καὶ
771 1637 920 1690 λέξεως
948 1639 1115 1692 γελοίας
1144 1634 1216 1680 διὰ
1252 1635 1301 1681 τὸ
1342 1642 1386 1680 ἐκ
1415 1635 1646 1694 σατυρικοῦ

213 1710 490 1765 μεταβαλεῖν,
536 1708 620 1771 ὀψὲ
661 1708 969 1766 ἁπεσεμνώθη,
1017 1711 1276 1752 Hermannus
1316 1713 1441 1751 verba
1485 1714 1529 1752 ὲκ
1567 1704 1646 1751 τοῦ

214 1785 447 1839 σατυρικοῦ
474 1786 525 1824 ad
547 1786 724 1825 fabulam
746 1788 963 1839 satyricam
994 1787 1119 1826 refert
1147 1787 1215 1835 ita,
1246 1788 1291 1825 ut
1321 1800 1374 1825 ex
1395 1786 1470 1825 hac
1499 1798 1643 1836 „argu-

213 1858 360 1897 mentis
383 1857 433 1897 ad
456 1858 561 1897 seria
591 1859 798 1899 translatis
829 1858 1079 1911 tragoediam
1110 1858 1216 1897 dicat
1246 1861 1380 1898 natam
1409 1869 1510 1898 esse.
1562 1855 1642 1897 Sed

213 1932 327 1970 nulla
362 1930 541 1983 profecto
579 1944 700 1970 causa
736 1935 809 1980 est,
855 1945 926 1971 cur
962 1933 1033 1972 illa
1063 1931 1189 1970 verba
1224 1932 1281 1970 sic
1318 1932 1641 1983 interpretemur,

212 2003 333 2043 immo
374 2003 579 2055 pertinent
619 2004 670 2043 ad
717 2003 1031 2058 dithyrambum‚
1077 2016 1130 2042 ex
1170 2016 1247 2055 quo
1294 2004 1379 2042 orta
1422 2003 1640 2055 tragoedia,

212 2076 424 2128 paullatim
455 2077 585 2128 magis
617 2079 781 2117 exculta
811 2078 1005 2128 illamque
1036 2076 1277 2127 gravitatem
1308 2088 1353 2115 ac
1383 2077 1641 2116 severitatem

210 2151 330 2188 nacta
360 2152 434 2199 est,
467 2162 588 2202 quam
618 2140 841 2202 posteriore
872 2151 1005 2189 aetate
1035 2149 1176 2189 habuit
1214 2149 1276 2196 (ef.
1309 2148 1507 2189 Welcker
1537 2148 1640 2201 App.

210 2235 247 2274 p.
281 2225 362 2263 228
394 2222 482 2275 sq).
541 2223 688 2275 Itaque
720 2223 798 2263 alia
827 2223 983 2262 ratione
1021 2221 1263 2274 explicanda
1298 2225 1361 2262 est
1389 2222 1550 2261 fabulae
1579 2234 1641 2261 sa-

210 2295 365 2347 tyricae
403 2295 526 2346 origo.
587 2296 723 2347 Atque
761 2296 946 2347 plerique
977 2295 1153 2333 virorum
1192 2295 1409 2344 doctorum,
1449 2298 1495 2334 ut
1525 2294 1639 2334 Pinz-

209 2380 333 2420 gerus
364 2368 415 2406 de
445 2367 523 2407 fab.
556 2369 630 2408 sat.
661 2368 816 2420 origine
845 2381 884 2420 p,
907 2369 973 2417 22,
1005 2366 1252 2407 Welckerus
1282 2366 1466 2420 Append.
1497 2380 1535 2420 p.
1558 2370 1638 2408 276

208 2442 301 2494 post
321 2440 573 2492 tragoediam
602 2440 811 2480 inventam
833 2453 921 2480 eam
953 2452 1043 2479 esse
1074 2440 1321 2479 contendunt
1348 2440 1469 2492 idque
1490 2440 1639 2492 conligi

207 2527 328 2567 posse
359 2514 499 2553 dicunt
529 2527 582 2553 ex
613 2514 827 2566 proverbio
857 2515 927 2553 illo
973 2510 1122 2562 „02’115212
1149 2507 1257 2568 πρὸς
1286 2507 1363 2554 τὸν
1391 2509 1638 2563 Διόνυσον“,

208 2587 315 2638 quod
337 2584 450 2629 Suid.
471 2599 501 2625 s.
525 2600 576 2635 v.‚
598 2586 781 2639 Apostol.
803 2585 910 2636 XV.5
944 2589 1006 2636 13,
1039 2585 1108 2625 alii
1128 2586 1343 2626 memoriae
1363 2586 1636 2639 prodiderunt.

207 2657 342 2697 Huius
382 2660 517 2698 autem
557 2659 785 2710 argumenti
825 2659 983 2711 pondus
1024 2670 1069 2704 ac
1099 2658 1162 2698 vis
1202 2671 1248 2698 eo
1279 2659 1400 2698 valde
1432 2658 1635 2708 minuitur,

206 2730 313 2782 quod
348 2731 489 2782 plures
529 2731 641 2771 illius
680 2733 886 2783 proverbii
922 2731 1215 2784 explicationes
1247 2731 1494 2771 adferuntur.
1553 2730 1636 2771 Sed
