1878 3092
245 149 307 197 26

244 286 497 325 vestimentis
540 288 701 325 ornatos
746 300 846 325 esse.
926 286 1028 325 Inde
1078 287 1191 337 patet
1234 298 1257 325 a
1302 285 1501 337 Sophocle
1550 284 1665 336 quasi

243 357 417 397 urbanos
434 358 611 398 redditos
628 371 718 398 esse
736 359 907 412 satyros,
925 358 1100 399 moribus
1118 358 1380 410 vestibusque
1397 355 1665 409 elegantiores

244 434 285 469 et
304 430 570 470 humaniores.
632 429 714 470 Sed
745 443 834 470 cum
866 431 1066 483 expoliret
1095 432 1267 484 satyros,
1297 430 1385 469 fieri
1413 442 1492 469 non
1523 428 1664 481 potuit,
1696 479 1699 481 ,

244 502 340 554 quin
372 503 598 542 fabularum
629 504 670 543 in
701 503 854 543 aminos
877 494 1142 556 spectantium
1169 503 1252 542 vim
1272 503 1392 542 valde
1412 501 1666 541 inminuerat.

244 574 335 615 Jam
380 587 471 614 cum
515 576 565 614 ab
610 575 829 615 Aristotele
874 578 992 628 (poet.
1034 576 1108 616 [V.
1142 577 1221 625 16.)
1252 577 1333 614 tres
1363 574 1579 614 histriones
1608 573 1666 613 in-

245 647 476 686 troduxisse
514 646 735 699 Sophocles
775 649 941 697 dicatur,
978 648 1193 699 quaeritur,
1232 660 1330 687 num
1369 648 1420 687 ad
1449 640 1666 699 satyricam

244 731 405 771 quoque
435 719 613 759 fabulam
644 721 684 759 id
714 721 951 772 pertinuerit
980 721 1202 760 inventum.
1262 720 1396 772 Atque
1435 720 1515 759 iam
1544 729 1668 771 supra

244 792 319 831 hoc
361 791 446 831 dixi
487 805 577 831 esse
616 805 812 844 perquam
847 793 1078 842 verisimile,
1124 793 1308 844 quamvis
1339 792 1486 832 Bernh.
1516 804 1553 843 p.
1586 793 1666 831 138

244 862 580 916 obloqueretur.*)
639 864 806 904 Accedit
853 865 959 916 quod
1001 865 1042 903 in
1086 865 1158 904 illa
1197 865 1306 903 vasis
1348 864 1504 917 pictura
1546 875 1667 915 quam

244 936 497 976 Wieselerus
515 936 692 988 explicat
709 938 749 976 et
763 937 859 976 alibi
877 937 996 976 etiam
1009 940 1090 976 tres
1104 936 1403 988 conspiciuntur
1413 936 1665 976 historiones.

242 1008 429 1058 (Wiesel.
472 1022 509 1062 p.
553 1010 661 1057 590.)
733 1008 910 1050 Chorum
946 1023 1105 1062 quoque
1145 1012 1190 1049 ut
1219 1010 1259 1048 in
1290 1009 1508 1061 tragoedia,
1539 1009 1666 1049 sicin

242 1082 380 1121 fabula
411 1083 586 1134 satyrica
630 1084 924 1121 existimandus
969 1086 1031 1121 est
1061 1096 1114 1121 ex
1160 1085 1209 1122 15
1256 1081 1438 1134 personis
1483 1084 1666 1121 constare

242 1153 421 1193 voluisse
452 1156 505 1202 (v,
536 1154 661 1194 vitam
692 1153 843 1207 Soph.).
903 1152 1004 1194 Cum
1035 1166 1233 1206 nusquam
1262 1153 1448 1193 laudibus
1479 1152 1667 1194 efferatur

243 1226 465 1277 Sophocles
496 1230 659 1279 propter
690 1228 906 1279 satyricam
936 1228 1087 1278 poesin,
1126 1228 1269 1266 mirum
1300 1230 1363 1266 est
1392 1227 1499 1278 quod
1528 1226 1666 1277 plures

242 1298 329 1337 eius
367 1311 487 1350 quam
528 1301 750 1338 ceterorum
782 1302 989 1351 poetarum
1019 1299 1219 1351 satyricae
1248 1298 1409 1338 fabulae
1440 1298 1665 1338 laudantur.

243 1370 325 1408 Sed
345 1371 439 1409 inde
460 1384 540 1409 non
560 1374 694 1422 potest
716 1372 862 1421 conligi
884 1374 924 1409 et
945 1372 1257 1422 praestantiores
1272 1371 1397 1409 fuisse
1418 1373 1458 1409 et
1479 1370 1666 1409 clariores

242 1442 328 1481 eius
374 1453 495 1493 quam
540 1441 745 1498 Euripidis
789 1442 958 1481 fabulas
1039 1440 1143 1481 Nam
1188 1443 1322 1493 potest
1372 1453 1468 1481 casu
1512 1443 1667 1480 tantum

241 1515 392 1553 factum
436 1528 539 1563 esse,
589 1517 635 1552 ut
678 1527 758 1553 non
798 1515 934 1565 plures
974 1527 1095 1565 quam
1139 1517 1226 1553 octo
1268 1514 1461 1553 eiusmodi
1505 1514 1668 1553 fabulae

242 1585 486 1639 Euripideae
510 1588 792 1638 supersessent
821 1585 1109 1639 posterioribus
1139 1584 1396 1638 temporibus.

355 1659 405 1697 In
446 1670 611 1697 numero
652 1661 787 1696 autem
826 1659 1053 1697 fabularum
1089 1658 1380 1706 constituendo,
1422 1656 1667 1709 Sophocleas

241 1730 340 1779 dico,
380 1731 455 1770 viri
491 1731 596 1770 docti
626 1743 746 1782 quam
785 1731 962 1770 maxime
993 1731 1244 1770 dissentiunt.
1304 1730 1474 1770 Gasaub.
1506 1731 1667 1782 quidem
1699 1730 1700 1733 ’

238 1816 277 1855 p.
312 1806 389 1842 132
421 1803 560 1842 decem
596 1806 751 1842 tantum
788 1804 938 1851 laudat,
974 1803 1201 1842 Brunckius
1232 1806 1273 1842 et
1300 1803 1511 1843 Boecklim
1540 1803 1666 1842 multo

239 1876 377 1927 plures
408 1876 533 1914 fuisse
563 1875 639 1914 sibi
671 1878 969 1926 persuaserunt.
1029 1874 1184 1914 Horum
1214 1887 1428 1927 perversas
1459 1875 1666 1927 opiniones

241 1949 281 1986 et
329 1948 370 1986 in
415 1948 585 1999 singulis
639 1947 788 1986 fabulis
837 1947 1059 1987 iudicandis
1109 1961 1263 1987 errores
1311 1947 1449 1987 Welk.
1499 1960 1535 1999 p.
1585 1949 1664 1987 287

239 2020 416 2060 refutare
458 2020 612 2059 studuit
651 2020 815 2071 triginta
854 2020 1015 2059 illarum
1052 2020 1291 2071 fabularum,
1330 2020 1379 2060 de
1417 2019 1563 2071 quibus
1606 2019 1666 2057 illi

239 2092 528 2144 cogitaverant,
575 2091 675 2131 alias
726 2104 869 2132 revera
920 2092 1147 2143 tragoedias
1191 2092 1328 2142 fuisse,
1375 2092 1474 2131 alias
1518 2090 1666 2130 fabulis

239 2165 426 2218 satyricis
473 2165 794 2204 adnumerandas
836 2178 927 2204 esse
957 2167 1079 2204 ratus.
1149 2165 1244 2217 Ipse
1281 2166 1415 2205 autem
1452 2167 1503 2205 19
1539 2164 1665 2204 fuisse

240 2237 437 2288 satyricas
478 2236 714 2287 suspicatur.
780 2236 937 2274 Deinde
976 2236 1017 2274 in
1054 2236 1172 2287 Frag.
1210 2249 1269 2287 gr.
1301 2249 1337 2287 p.
1371 2239 1435 2285 72,
1469 2239 1519 2275 18
1551 2238 1666 2293 putat

238 2308 377 2356 fuisse,
410 2308 547 2347 eiectis
579 2321 632 2347 ex
664 2321 708 2347 eo
740 2320 904 2347 numero
934 2307 1079 2347 Jambe
1110 2321 1212 2359 quae
1246 2321 1325 2348 uno
1363 2309 1449 2348 loco
1479 2309 1666 2348 laudatur

240 2394 369 2434 eoque
390 2382 587 2433 corrupto,
609 2380 718 2420 Iride
741 2379 929 2434 Sisypho,
960 2381 1125 2422 adiectis
1146 2382 1324 2422 Daedalo
1347 2384 1386 2422 et
1406 2382 1664 2438 Ζωστῆρσιν.

239 2454 397 2495 Deinde
426 2467 464 2507 p.
489 2457 539 2494 73
570 2455 732 2507 praeter
752 2453 932 2493 Momum
963 2454 1083 2494 etiam
1104 2453 1264 2510 Κῶμον
1293 2456 1479 2495 extitisse
1499 2456 1555 2496 ait
1575 2468 1666 2496 esse

239 2527 471 2567 verisimile.
534 2526 666 2578 Atque
703 2527 752 2566 de
786 2529 836 2566 12
869 2529 995 2567 multa
1030 2530 1165 2580 potest
1202 2541 1292 2568 esse
1328 2528 1534 2578 dubitatio,
1575 2542 1665 2569 cum

355 2626 395 2670 *)
420 2624 482 2661 Sic
506 2623 544 2660 in
565 2622 742 2667 Ἀχιλλέως
767 2624 924 2669 ἐρασταῖς
954 2634 1099 2669 quoque
1123 2625 1297 2663 videntur
1321 2626 1360 2662 in
1384 2635 1552 2663 scaenam
1581 2636 1662 2672 pro-

241 2681 338 2718 disse
363 2680 544 2725 Achilles,
570 2680 706 2717 Peleus
733 2683 772 2716 et
794 2679 970 2715 Phoenix.
