1878 3092
787 695 1066 751 Prefatio.

328 781 406 857 De
436 817 549 870 poesi
570 817 746 871 satyrica
774 817 938 857 ineunte
959 817 1120 856 saeculo
1140 815 1272 856 XVII
1293 816 1456 869 egregie
1476 816 1637 870 scripsit

215 889 489 940 Casaubonus‚
521 890 632 930 cuius
664 891 714 930 de
742 890 819 930 hac
848 903 892 930 re
921 890 1025 930 liber
1052 891 1102 929 ab
1132 890 1219 942 ipso
1240 889 1437 940 Beutleio,
1467 890 1636 943 philolo-

214 978 355 1016 gorum
371 964 560 1017 principe,
577 966 686 1004 recte
703 966 766 1004 est
780 964 993 1014 ,‚Aureus“
1009 964 1249 1017 appellatus.
1280 963 1381 1014 (Nos
1399 963 1636 1003 Rambachii

189 1042 191 1044 ’
214 1037 388 1077 editione
407 1037 471 1077 usi
492 1037 658 1087 sumus.)
717 1035 811 1086 Sed,
842 1038 886 1076 ut
905 1037 991 1077 fere
1010 1036 1067 1086 fit,
1098 1050 1149 1076 ne
1168 1049 1192 1076 a
1213 1035 1451 1077 Casaubono
1472 1036 1636 1089 quidem

212 1123 278 1150 res
308 1112 391 1150 tam
416 1111 599 1149 accurate
629 1109 908 1161 subtiliterque
930 1096 1098 1148 tractata
1127 1111 1224 1159 erat,
1254 1112 1401 1149 utnon
1421 1112 1634 1159 restarent,

214 1182 312 1223 satis
342 1183 482 1232 multa,
514 1194 617 1234 quae
646 1182 833 1234 exposita
854 1182 984 1221 velles
1015 1184 1056 1221 et
1085 1182 1284 1235 copiosius
1315 1185 1356 1222 et
1385 1195 1481 1222 vero
1512 1183 1633 1222 etiam

214 1255 447 1296 accuratius.
497 1254 633 1301 Quare
663 1267 766 1295 anno
797 1255 916 1295 huius
941 1254 1092 1295 saeculi
1111 1254 1263 1295 XXVI
1284 1255 1540 1306 Welckerus,
1572 1256 1636 1295 vir

214 1341 394 1368 summus
423 1328 464 1367 in
494 1328 596 1368 libro
618 1328 685 1380 qui
710 1328 939 1367 inscribitur
968 1327 1203 1380 „Nachtrag
1223 1341 1293 1368 zur
1314 1328 1635 1381 Aeschylischen

214 1400 419 1454 Trilogie“
448 1414 535 1441 rem
555 1401 685 1441 denuo
712 1400 768 1441 ita
796 1402 1031 1454 persecutus
1062 1403 1136 1451 est,
1167 1402 1214 1441 ut
1233 1402 1443 1441 accuratae
1473 1402 1635 1454 plenae-

215 1487 294 1526 que
323 1475 485 1515 illarum
514 1486 646 1514 rerum
678 1473 916 1526 cognitionis
946 1474 1095 1513 iaceret
1117 1474 1388 1515 fundamenta.
1434 1473 1637 1514 Omiserat

215 1548 278 1587 vir
293 1548 493 1600 egregius,
515 1560 618 1599 quae
637 1547 688 1587 ad
709 1549 944 1600 apparatum
960 1547 1160 1587 scenicum
1181 1548 1392 1601 ipsamque
1407 1548 1636 1598 fabularum

215 1621 482 1674 satyricarum
504 1620 699 1660 actionem
729 1620 946 1673 pertinent3
979 1620 1123 1672 quibus
1145 1621 1195 1660 de
1216 1621 1336 1660 rebus
1366 1621 1636 1673 copiosissime

215 1693 438 1746 disputavit
463 1692 716 1733 Wieselerus
746 1693 856 1743 „Das
879 1692 1144 1747 Satyrspiel“.
1194 1693 1299 1734 Nolo
1329 1694 1405 1733 hoc
1434 1695 1521 1733 loco
1554 1706 1635 1742 eoS,

216 1765 284 1818 qui
312 1767 473 1818 praeter
503 1766 595 1805 illos
615 1766 724 1805 viros
753 1766 804 1805 de
833 1766 945 1818 poesi
966 1766 1141 1818 satyrica
1161 1766 1419 1819 scripserunt,
1450 1767 1616 1806 laudare
1626 1782 1635 1814 ;

215 1851 342 1877 unum
372 1839 474 1878 addo
513 1838 646 1891 priore
684 1851 758 1878 nos
789 1839 930 1891 capite,
975 1852 1078 1891 quae
1112 1841 1255 1879 natura
1294 1840 1347 1878 sit
1375 1842 1497 1892 atque
1526 1840 1638 1891 origo

217 1909 378 1950 illarum
421 1910 648 1950 fabularum
693 1911 960 1963 exposituros,
1009 1912 1136 1952 altero
1180 1912 1309 1964 ipsam
1352 1912 1461 1951 illius
1506 1911 1638 1964 poesis

216 1982 422 2023 historiam
454 1987 719 2023 enarraturos.
779 1983 894 2029 Quae
934 1984 984 2023 de
1024 1985 1273 2036 singularum
1311 1985 1540 2024 fabularum
1577 1996 1637 2022 ar-

215 2056 418 2108 gumentis
460 2056 593 2109 deque
635 2069 821 2097 sermone
861 2059 903 2096 et
938 2070 983 2096 re
1027 2057 1193 2097 metrica
1236 2060 1307 2097 aut
1344 2058 1530 2097 constant
1569 2058 1638 2096 aut

215 2129 444 2168 coniectura
479 2130 602 2169 statui
634 2130 732 2169 satis
770 2130 966 2182 probabili
996 2132 1175 2182 possunt,
1222 2143 1269 2170 ea
1299 2143 1363 2170 me
1394 2143 1510 2182 spero
1540 2142 1637 2169 mox

214 2201 405 2253 colligere
434 2214 564 2254 posse.
