1878 3092
1561 126 1626 176 25

84 256 92 260 ‘
131 230 145 316 Δ,
209 266 346 308 hulam
372 248 513 308 'fuisse
556 267 746 320 putarent
788 266 909 317 atque
951 265 1038 317 ipse
1062 236 1277 303 *Nauckius
1306 274 1409 302 eam
1452 261 1629 302 fabulam

209 341 426 395 satyricam
455 340 604 380 habuit.
664 338 745 378 Sed
775 340 884 377 recte
915 335 1113 378 Welcker
1141 336 1244 389 App.
1274 349 1312 389 p.
1334 338 1415 377 332
1451 336 1516 385 (cf.
1549 338 1626 376 161

203 410 251 454 vet
270 412 366 454 Tril.
390 426 426 466 p.
448 413 546 462 452)
576 412 857 463 argumentum
887 412 969 449 tam
1000 410 1149 450 serium
1178 421 1269 448 esse
1300 409 1407 459 dicit,
1437 410 1483 448 ut
1502 409 1629 461 satyri

208 499 288 526 non
317 486 473 539 possint
507 484 725 526 introducti
759 496 870 531 esse3
916 495 1048 534 neque
1083 482 1192 534 ipsos
1226 482 1318 521 illos
1349 494 1451 534 quos
1481 479 1629 522 Ulixes

208 558 315 599 insta
333 558 384 597 de
400 569 520 596 causa
539 556 797 604 interfecerit,
818 555 859 594 in
876 554 1133 594 ridiculorum
1154 555 1401 606 (eorumque)
1423 554 1629 594 hominum

208 631 559 685 periculosumque
588 629 794 669 habendos
825 641 915 668 esse
939 641 1117 678 numero,
1148 628 1217 681 qui
1246 632 1474 682 satyrorum
1503 628 1628 668 risum

209 702 433 743 excitarint.
491 702 649 742 Deinde
684 702 718 741 si
753 702 881 755 satyri
915 701 1130 741 introducti
1165 702 1257 752 sint,
1294 699 1460 741 Ulixem
1494 702 1628 754 gravi-

208 778 333 817 tatem
369 789 482 816 suam
519 776 713 816 amittere.
771 775 915 828 Neque
950 776 1084 815 obstat
1119 776 1258 828 fragm.
1292 778 1382 817 174.
1443 774 1629 829 Satyrica

208 851 343 902 autem
386 848 522 887 fabula
566 850 728 901 propter
772 848 998 900 argumenti
1041 848 1217 887 indolem
1264 848 1350 887 sine
1389 847 1508 888 dubio
1523 877 1535 885 f
1552 848 1629 887 fuit

208 921 410 976 Sisyphus
441 919 663 978 δραπέτης.

321 993 347 1034 J
349 1006 413 1033 am
433 1008 529 1034 vero
551 995 756 1046 quaeritur
784 995 852 1045 qui
875 994 1024 1033 factum
1045 994 1109 1042 sit,
1140 996 1184 1033 ut
1203 993 1433 1047 Aeschylus
1454 994 1628 1046 optimus

148 1089 152 1092 <
208 1067 435 1107 fabularum
457 1068 720 1121 satyricarum
741 1066 939 1119 (scriptor)
960 1067 1097 1106 auctor
1116 1066 1342 1107 haberetur.
1377 1065 1474 1106 Fuit
1493 1068 1628 1107 autem

209 1140 309 1179 haec
342 1152 407 1179 res
438 1141 664 1179 necessario
705 1153 794 1179 cum
829 1142 972 1191 poetae
1010 1139 1169 1191 proprio
1208 1139 1369 1190 ingenio
1404 1140 1626 1179 coniuncta.

208 1211 314 1253 Nam
371 1213 443 1253 illa
464 1259 469 1265 ³
489 1214 530 1253 in
580 1213 746 1253 dicendo
795 1212 1141 1265 describendoque
1189 1212 1251 1252 vis
1299 1215 1421 1265 atque
1469 1213 1627 1253 novitas

207 1298 288 1338 qua
326 1285 532 1339 Aschylus
576 1287 793 1335 exellebat,
838 1298 958 1337 quam
1001 1286 1178 1324 maxime
1222 1288 1308 1324 erat
1355 1287 1405 1324 ad
1449 1286 1628 1325 fabulam

209 1359 426 1412 satyricam
471 1360 777 1398 accommodata.
851 1359 995 1410 Neque
1038 1359 1267 1400 mirandum
1310 1365 1382 1407 est,
1427 1359 1535 1410 quod
1580 1359 1626 1407 is,

208 1431 258 1471 ad
302 1444 422 1483 quem
461 1432 540 1472 iam
584 1432 854 1482 transibimus,
906 1430 1138 1484 Sophocles,
1187 1432 1319 1471 minus
1364 1433 1427 1471 est
1464 1433 1628 1485 propter

206 1504 365 1543 fabulas
409 1505 605 1558 satyricas
649 1506 886 1544 celebratus.
964 1504 1070 1544 Nam
1113 1505 1176 1543 vir
1219 1508 1300 1544 tam
1344 1504 1430 1544 miti
1466 1504 1626 1554 ingenio

207 1576 411 1629 praeditus
428 1577 637 1629 magisque
652 1577 702 1616 ad
719 1577 1027 1617 commovendos
1044 1577 1197 1616 aminos
1214 1589 1334 1629 quam
1351 1577 1402 1616 ad
1419 1577 1627 1617 terrendos

207 1648 438 1701 lascivaque
482 1650 708 1702 petulantia
749 1649 1007 1689 delectandos
1047 1654 1165 1689 natus
1209 1650 1249 1689 in
1292 1650 1363 1689 tali
1400 1650 1627 1689 fabularum

206 1733 367 1773 genere,
413 1723 520 1774 quod
559 1723 639 1761 vim
683 1722 870 1774 iocosque
909 1723 1098 1775 volgares
1134 1722 1349 1773 desiderat,
1390 1734 1469 1762 non
1499 1722 1629 1775 potuit

206 1794 419 1833 excellere.

317 1865 379 1906 De
422 1866 507 1906 vita
551 1867 684 1906 autem
716 1864 926 1919 Sophoclis
971 1866 1062 1907 nolo
1106 1866 1170 1907 hic
1206 1866 1370 1907 uberius
1409 1879 1626 1920 exponere,

206 1937 300 1989 qnia
331 1940 425 1976 sunt
454 1938 530 1976 hae
560 1951 626 1976 res
656 1938 900 1978 notissimae.
959 1938 1071 1977 Illud
1099 1940 1374 1979 tantummodo
1414 1940 1527 1978 lubet
1557 1953 1628 1978 ex-

204 2022 366 2065 ponere,
397 2011 505 2063 quod
535 2011 586 2050 de
616 2011 702 2051 eius
731 2011 879 2051 fabulis
910 2012 1080 2052 satiricis
1110 2016 1173 2052 est
1208 2012 1434 2053 dicendum.
1492 2011 1627 2065 Atque

204 2083 283 2123 iam
312 2095 435 2135 supra
464 2084 592 2123 adtuli
623 2085 868 2136 epigramma
898 2085 1000 2124 illud
1018 2085 1275 2135 Dioscoridis,
1307 2085 1354 2125 A.
1376 2086 1419 2124 P.
1441 2086 1538 2126 VII.
1561 2089 1628 2135 37,

204 2156 274 2196 ubi
313 2157 486 2210 satyrus
529 2157 571 2196 in
620 2158 772 2197 tumulo
823 2156 1031 2211 Sophoclis
1074 2160 1187 2198 stans
1232 2171 1352 2199 aureo
1396 2162 1540 2199 ornatu
1588 2160 1629 2198 et

204 2229 417 2280 halurgide
449 2243 493 2269 se
522 2231 572 2270 ab
602 2232 672 2271 illo
703 2233 887 2271 ornatum
928 2245 1018 2271 esse
1048 2232 1144 2271 dicit
1182 2235 1235 2280 (v.
1275 2233 1444 2273 Wiesel.
1475 2246 1512 2284 p.
1545 2235 1626 2273 725

204 2302 280 2355 sq.)
312 2302 379 2342 ubi
409 2303 532 2344 ceteri
563 2317 722 2356 quoque
751 2294 820 2356 qui
851 2303 945 2344 inde
975 2317 997 2344 a
1028 2303 1213 2345 Jacobsio
1244 2304 1295 2344 de
1324 2288 1400 2345 hoc
1429 2305 1627 2359 epigram-

203 2377 310 2415 mate
339 2377 598 2428 scripserunt,
629 2378 821 2417 nominati
863 2381 968 2419 sunt.
1034 2379 1169 2431 Atque
1204 2382 1312 2419 recte
1353 2380 1627 2422 VVieselerum

203 2449 402 2501 cogitasse
447 2450 534 2490 dico
579 2452 630 2491 de
665 2449 810 2504 Satyro
856 2453 1030 2504 quodam
1073 2454 1194 2504 chori,
1241 2454 1290 2493 ad
1331 2468 1451 2506 quem
1495 2456 1626 2495 solum

202 2523 343 2562 referri
371 2529 542 2575 possunt
571 2526 696 2564 verba
724 2520 910 2577 εὔθετον
929 2521 1146 2581 ὀρχηστὴν
1174 2524 1298 2568 πόδα.
1348 2529 1491 2581 Itaque
1517 2532 1626 2569 recte

203 2609 361 2649 quoque
399 2610 490 2635 eum
531 2598 756 2649 conlegisse
793 2600 888 2650 puto
920 2611 944 2637 a
974 2597 1174 2651 Sophocle
1211 2601 1244 2640 si
1274 2613 1353 2641 non
1383 2614 1554 2654 semper,
1585 2605 1627 2642 at

202 2681 489 2722 nonnunquam
520 2671 680 2723 satyros
710 2669 819 2710 chori
858 2670 1037 2736 partibus
1067 2672 1282 2725 fungentes
1312 2674 1625 2727 elegantioribus
